@article{Felker,
author = {Felker, K. G. and Siegel, A. R. and Siegel, S. F.},
title = {Optimizing Memory Constrained Environments in {M}onte {C}arlo Nuclear Reactor Simulations},
year = {2012},
doi = {10.1177/1094342012445627},
URL = {http://hpc.sagepub.com/content/early/2012/06/04/1094342012445627.abstract},
eprint = {http://hpc.sagepub.com/content/early/2012/06/04/1094342012445627.full.pdf+html},
journal = {International Journal of High Performance Computing Applications}
}
