@inproceedings{shavit-steal-half,
 author = {Danny Hendler and Nir Shavit},
 title = {Non-blocking steal-half work queues},
 booktitle = {PODC '02: Proceedings of the twenty-first annual symposium on Principles of distributed computing},
 year = {2002},
 isbn = {1-58113-485-1},
 pages = {280--289},
 location = {Monterey, California},
 doi = {http://doi.acm.org/10.1145/571825.571876},
 publisher = {ACM},
 address = {New York, NY, USA},
 }
@misc{x10-webpage,
  author = "{http://x10.sf.net}",
  title = "{The X10 Programming Language v1.0}",
  year = "2006",
  url = "{http://x10.sf.net}",
} 

@article{dekker,
  author = "E.W. Dijkstra",
  title = "Cooperating Sequential Processes",
  year = "1968",
  pages = "43--112",
  journal = "(Techniche Hogeschool, Eindhoven, 1965). Reprinted in: F. Genuys (ed.), Programming Languages", 
  publisher = "Academic Press",
}

@inproceedings{X10-OOPSLA05,
author = "P. Charles and C. Donawa and K. Ebcioglu and C. Grothoff and A. Kielstra and C. Van Praun and V. Saraswat and V. Sarkar", 
title = "X10: An Object-Oriented Approach to Non-Uniform Cluster Computing",
booktitle = "Proceedings of the 2005 ACM SIGPLAN Conference on Object-Oriented Programming Systems, Languages and Applications (OOPSLA)", 
year = {2005} }

@techreport{titaniumDoc,
author = "P. Hilfinger (ed.) et.~al",
title = "Titanium Language Reference Manual, Version 2.19",
institution = "University of California, Berkeley",
number = {UCB/EECS-2005-15}, 
year = {2005} }