
@misc{x10-webpage,
  author = "{http://x10.sf.net}",
  title = "{The X10 Programming Language v1.0}",
  year = "2006",
  url = "{http://x10.sf.net}",
} 

@article{dekker,
  author = "E.W. Dijkstra",
  title = "Cooperating Sequential Processes",
  year = "1968",
  pages = "43--112",
  journal = "(Techniche Hogeschool, Eindhoven, 1965). Reprinted in: F. Genuys (ed.), Programming Languages", 
  publisher = "Academic Press",
}