@string{SV = "Springer-Verlag"}
@string{LNCS = "LNCS"}

@inproceedings{Steele90,
 author = {G.~ L. {Steele, Jr.}},
 title = {Making asynchronous parallelism safe for the world},
 booktitle = {POPL '90: Proceedings of the 17th ACM SIGPLAN-SIGACT symposium on Principles of programming languages},
 year = {1990},
 isbn = {0-89791-343-4},
 pages = {218--231},
 location = {San Francisco, California, United States},
 doi = {http://doi.acm.org/10.1145/96709.96731},
 publisher = {ACM Press},
 address = {New York, NY, USA},
 }
@INBOOK{pottier-book-chapter,
  author  =      {F. Pottier and D. Re'my},
  chapter =        {The Essence of ML Type Inference},
  title =      {Advanced Topics in Types and Programming Languages},
  publisher =    {MIT Press},
  year =         {2004}
}


@inproceedings{X10-concur05,
 author = {Saraswat, Vijay and Jagadeesan, Radha},
 title = {Concurrent clustered programming},
 booktitle = {CONCUR 2005 - Concurrency Theory},
 year = {2005},
 isbn = {3-540-28309-9},
 pages = {353--367},
 doi = {http://dx.doi.org/10.1007/11539452_28},
 publisher = {Springer-Verlag},
 address = {London, UK},
 }


@inproceedings{lerner-popl05,
 author = {Sorin Lerner and Todd Millstein and Erika Rice and Craig Chambers},
 title = {Automated soundness proofs for dataflow analyses and transformations via local rules},
 booktitle = {POPL '05: Proceedings of the 32nd ACM SIGPLAN-SIGACT symposium on Principles of programming languages},
 year = {2005},
 isbn = {1-58113-830-X},
 pages = {364--377},
 location = {Long Beach, California, USA},
 doi = {http://doi.acm.org/10.1145/1040305.1040335},
 publisher = {ACM Press},
 address = {New York, NY, USA},
 }

@inproceedings{ haridi90kernel,
    author = "Haridi, S. and Janson, S.",
    title = "Kernel Andorra {P}rolog and its Computation Model",
    booktitle = "Proceedings of the Seventh International Conference on Logic Programming",
    publisher = "The MIT Press",
    address = "Jerusalem",
    editor = "David H. D. Warren and Peter Szeredi",
    pages = "31--46",
    year = "1990",
    url = "citeseer.ist.psu.edu/haridi92kernel.html" }

@book{palsberg-book,
 author = {Jens Palsberg and Michael I. Schwartzbach},
 title = {Object-oriented type systems},
 year = {1994},
 isbn = {0-471-94128-X},
 publisher = {John Wiley and Sons Ltd.},
 address = {Chichester, UK, UK},
 }
@misc{teyjus-distribution,
  title = "The {T}eyjus distribution of $\lambda${P}rolog",
  note = "Available from http://teyjus.cs.umn.edu" 
}

@inproceedings{Shankar92,
  author="Natarajan Shankar",
  title="Proof Search in the Intuitionistic Sequent Calculus",
  booktitle="Automated Deduction -- CADE-11",
  publisher="Springer Verlag",
  series="Lecture Notes in Computer Science",
  number=607,
  pages="522--536",
  editor="Deepak Kapur",
  month = "June",
  year = "1992"}

@article{Church40,
        Author = "Church, Alonzo",
	Title = "A Formulation of the Simple Theory of Types",
        Journal = "Journal of Symbolic Logic",
        Volume = "5",
        Pages = "56--68",
        Year = "1940"}

@InProceedings(MN87slp,
	author = "Dale Miller and Gopalan Nadathur",
	title = "A Logic Programming Approach to Manipulating Formulas
		 and Programs",
	Booktitle="IEEE Symposium on Logic Programming",
  Editor="Seif Haridi",
  Pages="379--388",
	Month="September",
        publisher="IEEE Computer Society Press",
	year = 1987)

@article{dyckhoff92,
    author = "Roy Dyckhoff",
    title = "Contraction-free sequent calculi for intuitionistic logic",
    journal = "The Journal of Symbolic Logic",
    Volume="57",
    Number="3",
    month = "September",
    year = "1992"
}

@InProceedings(NM99cade,
  Author="Gopalan Nadathur and Dustin J. Mitchell",
  Title="System Description: Teyjus---A Compiler and Abstract Machine 
         Based Implementation of $\lambda${P}rolog",
  Editor = "Harald Ganzinger",
  Booktitle="Automated Deduction--{CADE}-16",
  Publisher="Springer-Verlag",
  series="Lecture Notes in Artificial Intelligence",
  number = 1632,
  Pages = "287--291",
  Month="July",
  Year=1999)

@article(MNPS91,
  author = "Dale Miller and Gopalan Nadathur and Frank Pfenning and
            Andre Scedrov",
  title ="Uniform Proofs as a Foundation for Logic Programming",
  journal = "Annals of Pure and Applied Logic",
  year = "1991",
  volume="51",
  pages="125--157")

@INPROCEEDINGS{PE88pldi,
	AUTHOR = "Frank Pfenning and Conal Elliott",
	TITLE = "Higher-Order Abstract Syntax",
	BOOKTITLE = "Proceedings of the {ACM}-{SIGPLAN} Conference on
		     Programming Language Design and Implementation",
        Pages = "199--208",
        Publisher = "{ACM} Press",
        Month = "June",
	YEAR = 1988}

@article{NadathurM90,
  author    = {Gopalan Nadathur and
               Dale Miller},
  title     = {Higher-Order Horn Clauses},
  journal   = {J. ACM},
  volume    = {37},
  number    = {4},
  year      = {1990},
  pages     = {777-814},
  ee        = {http://doi.acm.org/10.1145/96559.96570},
  bibsource = {DBLP, http://dblp.uni-trier.de}
}
@inproceedings{warren-xsb,
 author = {Steven Dawson and C. R. Ramakrishnan and David S. Warren},
 title = {Practical program analysis using general purpose logic programming systems: a case study},
 booktitle = {PLDI '96: Proceedings of the ACM SIGPLAN 1996 conference on Programming language design and implementation},
 year = {1996},
 isbn = {0-89791-795-2},
 pages = {117--126},
 location = {Philadelphia, Pennsylvania, United States},
 doi = {http://doi.acm.org/10.1145/231379.231399},
 publisher = {ACM Press},
 address = {New York, NY, USA},
 }
@article{aiken-analysis,
 author = {Alexander Aiken},
 title = {Introduction to set constraint-based program analysis},
 journal = {Sci. Comput. Program.},
 volume = {35},
 number = {2-3},
 year = {1999},
 issn = {0167-6423},
 pages = {79--111},
 doi = {http://dx.doi.org/10.1016/S0167-6423(99)00007-6},
 publisher = {Elsevier North-Holland, Inc.},
 address = {Amsterdam, The Netherlands, The Netherlands},
 }
@inproceedings{Heintze94,
 author = {Nevin Heintze},
 title = {Set-based analysis of ML programs},
 booktitle = {LFP '94: Proceedings of the 1994 ACM conference on LISP and functional programming},
 year = {1994},
 isbn = {0-89791-643-3},
 pages = {306--317},
 location = {Orlando, Florida, United States},
 doi = {http://doi.acm.org.ezproxy2.lib.depaul.edu/10.1145/182409.182495},
 publisher = {ACM Press},
 address = {New York, NY, USA},
 }

@phdthesis{HeintzeThesis,
 author = {Nevin Charles Heintze},
 title = {Set based program analysis},
 year = {1992},
 order_no = {UMI Order No. GAX93-22866},
 school = {Carnegie Mellon University},
 address = {Pittsburgh, PA, USA},
 }


@article{Pugh98,
 author = {William Pugh and David Wonnacott},
 title = {Constraint-based array dependence analysis},
 journal = {ACM Trans. Program. Lang. Syst.},
 volume = {20},
 number = {3},
 year = {1998},
 issn = {0164-0925},
 pages = {635--678},
 doi = {http://doi.acm.org.ezproxy2.lib.depaul.edu/10.1145/291889.291900},
 publisher = {ACM Press},
 address = {New York, NY, USA},
 }


@inproceedings{Ryder01,
 author = {Atanas Rountev and Ana Milanova and Barbara G. Ryder},
 title = {Points-to analysis for Java using annotated constraints},
 booktitle = {OOPSLA '01: Proceedings of the 16th ACM SIGPLAN conference on Object oriented programming, systems, languages, and applications},
 year = {2001},
 isbn = {1-58113-335-9},
 pages = {43--55},
 location = {Tampa Bay, FL, USA},
 doi = {http://doi.acm.org.ezproxy2.lib.depaul.edu/10.1145/504282.504286},
 publisher = {ACM Press},
 address = {New York, NY, USA},
 }

@inproceedings{Warren96,
 author = {Steven Dawson and C. R. Ramakrishnan and David S. Warren},
 title = {Practical program analysis using general purpose logic programming systems\Âa case study},
 booktitle = {PLDI '96: Proceedings of the ACM SIGPLAN 1996 conference on Programming language design and implementation},
 year = {1996},
 isbn = {0-89791-795-2},
 pages = {117--126},
 location = {Philadelphia, Pennsylvania, United States},
 doi = {http://doi.acm.org.ezproxy2.lib.depaul.edu/10.1145/231379.231399},
 publisher = {ACM Press},
 address = {New York, NY, USA},
 }

@inproceedings{Palsberg94,
 author = {Jens Palsberg},
 title = {Global Program Analysis in Constraint Form},
 booktitle = {CAAP '94: Proceedings of the 19th International Colloquium on Trees in Algebra and Programming},
 year = {1994},
 isbn = {3-540-57879-X},
 pages = {276--290},
 publisher = {Springer-Verlag},
 address = {London, UK},
 }

@article{Palsberg95,
 author = {Jens Palsberg},
 title = {Closure analysis in constraint form},
 journal = {ACM Trans. Program. Lang. Syst.},
 volume = {17},
 number = {1},
 year = {1995},
 issn = {0164-0925},
 pages = {47--62},
 doi = {http://doi.acm.org.ezproxy2.lib.depaul.edu/10.1145/200994.201001},
 publisher = {ACM Press},
 address = {New York, NY, USA},
 }

@article{Harrop-CLP,
 author = {Javier Leach and Susana Nieva and Mario RodrÃ­guez-Artalejo},
 title = {Constraint Logic Programming with Hereditary Harrop formulas},
 journal = {Theory Pract. Log. Program.},
 volume = {1},
 number = {4},
 year = {2001},
 issn = {1471-0684},
 pages = {409--445},
 doi = {http://dx.doi.org.ezproxy2.lib.depaul.edu/10.1017/S1471068401001041},
 publisher = {Cambridge University Press},
 address = {New York, NY, USA},
 }

@inproceedings{HHCLP-Sem,
 author = {Miguel Garcia-Diaz and Susana Nieva},
 title = {Providing declarative semantics for HH extended constraint logic programs},
 booktitle = {PPDP '04: Proceedings of the 6th ACM SIGPLAN international conference on Principles and practice of declarative programming},
 year = {2004},
 isbn = {1-58113-819-9},
 pages = {55--66},
 location = {Verona, Italy},
 doi = {http://doi.acm.org.ezproxy2.lib.depaul.edu/10.1145/1013963.1013973},
 publisher = {ACM Press},
 address = {New York, NY, USA},
 }

@article{HHCLP-CatSem,
 author = {Stacy E. Finkelstein and Peter Freyd and James Lipton},
 title = {A new framework for declarative programming},
 journal = {Theor. Comput. Sci.},
 volume = {300},
 number = {1-3},
 year = {2003},
 issn = {0304-3975},
 pages = {91--160},
 doi = {http://dx.doi.org.ezproxy2.lib.depaul.edu/10.1016/S0304-3975(01)00308-5},
 publisher = {Elsevier Science Publishers Ltd.},
 address = {Essex, UK},
 }

@article{McDowell01,
 author = {R.~McDowell and D.~Miller},
 title = {Reasoning with higher-order abstract syntax in a logical framework},
 journal = {ACM Trans. Comput. Logic},
 volume = {3},
 number = {1},
 year = {2002},
 issn = {1529-3785},
 pages = {80--136},
 doi = {http://doi.acm.org.ezproxy2.lib.depaul.edu/10.1145/504077.504080},
 publisher = {ACM Press},
 address = {New York, NY, USA},
 }


@article{HMX-AccessControl,
 author = {F.~Pottier and C.~Skalka and S.~Smith},
 title = {A systematic approach to static access control},
 journal = {ACM Trans. Program. Lang. Syst.},
 volume = {27},
 number = {2},
 year = {2005},
 issn = {0164-0925},
 pages = {344--382},
 doi = {http://doi.acm.org.ezproxy2.lib.depaul.edu/10.1145/1057387.1057392},
 publisher = {ACM Press},
 address = {New York, NY, USA},
 }

@article{HMX-InfFlow,
 author = {F.~Pottier and V.~Simonet},
 title = {Information flow inference for ML},
 journal = {ACM Trans. Program. Lang. Syst.},
 volume = {25},
 number = {1},
 year = {2003},
 issn = {0164-0925},
 pages = {117--158},
 doi = {http://doi.acm.org.ezproxy2.lib.depaul.edu/10.1145/596980.596983},
 publisher = {ACM Press},
 address = {New York, NY, USA},
 }

@article{HMX-Odersky,
 author = {M.~Odersky and M.~Sulzmann and M.~Wehr},
 title = {Type inference with constrained types},
 journal = {Theor. Pract. Object Syst.},
 volume = {5},
 number = {1},
 year = {1999},
 issn = {1074-3227},
 pages = {35--55},
 doi = {http://dx.doi.org.ezproxy2.lib.depaul.edu/10.1002/(SICI)1096-9942(199901/03)5:1<35::AID-TAPO4>3.0.CO;2-4},
 publisher = {John Wiley \& Sons, Inc.},
 address = {New York, NY, USA},
 }


@inproceedings{maged-podc96,
author = {M.~Michael and M.~Scott},
title = {{S}imple, {F}ast and {P}ractical {N}on-{B}locking and {B}locking {C}oncurrent {Q}ueue {A}lgorithms},
booktitle = {Proceedings  of the 15th ACM Annual Symposium on Principles of Distributed Computing},
year = {1996},
pages = {267--275},
month = {May}
}

@inproceedings{ flatt98classes,
    author = "M.~Flatt and S.~Krishnamurthi and M.~Felleisen",
    title = "Classes and Mixins",
    booktitle = "Conference Record of {POPL} 98: The 25TH {ACM} {SIGPLAN}-{SIGACT} Symposium on Principles of Programming Languages, San Diego, California",
    address = "New York, NY",
    pages = "171--183",
    year = "1998",
    url = "citeseer.ist.psu.edu/flatt98classe.html" }

@inproceedings{ cilk-ws,
    title = {Scheduling Multithreaded Computations by Work Stealing},
    author = {R. Blumofe and C. Leiserson},
    booktitle = {Proceedings of the 35th Annual Symposium on the Foundations of Computer Science},
    year = "1994",
    pages="356--368"
}

@techreport{XtenManual,
   author = {V. Saraswat},
   institution = {IBM Research},
   title = {{R}eport on the {E}xperimental {L}anguage {\Xten{}}, v0.41},
   year = {2005},
   month = {March}
}

@techreport{Cilk,
   institution = {Supercomputing Technologies Group},
    title = {\Cilk{}-5.3 Reference Manual},
    year = {2000},
    month = {June}
}


@misc{eclipse,
  title = "The Eclipse project",
  note = "www.eclipse.org" 
}

@inproceedings{ atomizer,
    title = {Atomizer: A Dynamically Atomicity Checker for Multithreaded Programs},
    author = "Cormac Flanagan and Stephen Freund",
    booktitle = "Conference Record of {POPL} 04: The 31st {ACM} {SIGPLAN}-{SIGACT} Symposium on Principles of Programming Languages, Venice, Italy",
    address = "New York, NY",
    year = "2004"}

@inproceedings{eclipse-refactoring,
 author = {Robert Fuhrer and Frank Tip and Adam Kiezun},
 title = {Advanced refactorings in eclipse},
 booktitle = {OOPSLA '04: Companion to the 19th annual ACM SIGPLAN conference on Object-oriented programming systems, languages, and applications},
 year = {2004},
 isbn = {1-58113-833-4},
 pages = {8--8},
 location = {Vancouver, BC, CANADA},
 doi = {http://doi.acm.org/10.1145/1028664.1028669},
 publisher = {ACM Press},
 address = {New York, NY, USA},
 }
@inproceedings{ harris,
    title = {Language Support for Lightweight Transactions},
    author = {Tim Harris and Keir Fraser},
    booktitle = {OOPSLA},
    pages={388--403},
    year = {2003}
}

@inproceedings{ harris-cmt,
    title = {Composable Memory Transaction},
    author = {Tim Harris and Maurice Herlihy and Simon Marlow and Simon Peyton Jones},
    booktitle = "SIGPLAN Symposium on Principles and Practice of Parallel Programming",
    year = "2005"}

@article{CAF,
  author    = {R.W.~Numrich and
               J.K.~Reid},
  title     = {{C}o-Array {F}ortran for parallel programming},
  journal   = {Fortran Forum},
  volume    = {17},
  number    = {2},
  year      = {1998},
  bibsource = {http://www.co-array.org/caf_def.htm}
}





@techreport{CPPMemModel,
    author = "Andrei Alexandrescu and Hans Boehn and Kevlin Henney and Doug Lea and Bill Pugh",
   institution = "metalanguage.com",
    title = "Memory model for multithreaded C++",
    year = "2004",
    note="JTC1/SC22/WG21 -- C++, Document Number: WG21/N1680=J16/04-0120"
}


@techreport{UPC,
    author = "T.~El-Ghazawi and W.~Carlson and J.~Draper",
   institution = "George Washington University",
    title = "UPC Language Specification V1.1.1",
    year = "2003",
    month="October"
}

@inproceedings{xten,
    author = "P.~Charles and C.~Grothoff and C.~Donawa and K.~Ebcioglu and A.~Kielstra and C.~von Praun and V.~Saraswat and V.~Sarkar",
    title = "X10: An Object-Oriented Approach to Non-Uniform Cluster Computing",
 booktitle = {Proceedings of OOPSLA},
 year = {2005},
 note = {To appear}
 }

@techreport{ fx10,
    author = "Vijay Saraswat and Radha Jagadeesan",
    title = "Foundations of {X10}",
    institution = "IBM Research",
    year = "forthcoming"
}
  
@article{fj,
  author    = {Atsushi Igarashi and
               Benjamin C. Pierce and
               Philip Wadler},
  title     = {Featherweight Java: a minimal core calculus for Java and
               GJ.},
  journal   = {ACM Trans. Program. Lang. Syst.},
  volume    = {23},
  number    = {3},
  year      = {2001},
  pages     = {396-450},
  ee        = {http://doi.acm.org/10.1145/503502.503505},
  bibsource = {DBLP, http://dblp.uni-trier.de}
}


@inproceedings{stm,
  author    = {Maurice Herlihy and Victor Luchangco and M Moir and W Scherer},
  title     = {Software Transactional Memory for Dynamic-sized Data structures},
  booktitle   = {PODC},
  year      = {2003}

}

@techreport{ mj,
    author = "G.M. Bierman, M.J. Parkinson and A.M. Pitts",
    title = "MJ: An imperative core calculus for Java and Java with effects",
    journal = "IBM Systems Journal",
    institution = "University of Cambridge Computer Laboratory",
    number = "563",
    year = "2003",
    url = "www.cl.cam.ac.uk/TechReports/UCAM-CL-TR-563.pdf"
}
@article{titanium,
  author    = {K.~A.~Yelick and
               L.~Semenzato and
               G.~Pike and
               C.~Miyamoto and
               B.~Liblit and
               A.~Krishnamurthy and
               P.~N.~Hilfinger and
               S.~L.~Graham and
               D.~Gay and
               P.~Colella and
               A.~Aiken},
  title     = {Titanium: A High-performance Java Dialect.},
  journal   = {Concurrency - Practice and Experience},
  volume    = {10},
  number    = {11-13},
  year      = {1998},
  pages     = {825-836},
  bibsource = {DBLP, http://dblp.uni-trier.de}
}
@inproceedings{ alpern01efficient,
    author = "Bowen Alpern and Anthony Cocchi and Stephen J. Fink and David Grove and Derek Lieber",
    title = "Efficient Implementation of Java Interfaces: Invokeinterface Considered Harmless",
    booktitle = "Conference on Object-Oriented",
    pages = "108--124",
    year = "2001",
    url = "citeseer.ist.psu.edu/alpern01efficient.html" }

@inproceedings{ xi99dependent,
    author = "Howgwei Xi and Frank Pfenning",
    title = "Dependent Types in Practical Programming",
    booktitle = "Conference Record of {POPL} 99: The 26th {ACM} {SIGPLAN}-{SIGACT} Symposium on Principles of Programming Languages, San Antonio, Texas",
    address = "New York, NY",
    pages = "214--227",
    year = "1999",
    url = "citeseer.ist.psu.edu/xi98dependent.html" }

@article{ boerger-java,
    author = {Egon Boerger and Wolfram Schulte},
    title =  {Initialization Problems for Java},
    journal = {{S}oftware, {C}oncepts and {T}ools},
    volume = "20",
    number = "4",
    year = "1999"
}

@article{ moreira00java,
    author = "Jose E. Moreira and Samuel P. Midkiff and Manish Gupta and Pedro V. Artigas and Marc Snir and Richard D. Lawrence",
    title = "Java programming for high-performance numerical computing",
    journal = "IBM Systems Journal",
    volume = "39",
    number = "1",
    pages = "21-",
    year = "2000",
    url = "citeseer.ist.psu.edu/moreira00java.html" }
@TECHREPORT{multijava,
    TITLE = "MultiJava: Design Rationale, Compiler Implementation and User Experience",
    AUTHOR = "Curtis Clifton and Todd Millstein and Gary T. Leavens and Craig Chambers",
    TYPE = "Technical Report",
    INSTITUTION = "Department of Computer Science, Iowa State University",
    ADDRESS = "Iowa State University, Ames, Iowa 50011-1040",
    YEAR = 2004,
        month="January"
    }

@book{mpi,
 title={{U}sing {MPI}: {P}ortable {P}arallel {P}rogramming with the {M}essage {P}assing {I}interface},
 author={A.~Skjellum and E.~Lusk and W.~Gropp},
 publisher={MIT Press},
 year={1999}
}

@misc{ pgas
,author="William Carlson and Tarek El-Ghazawi and Bob Numrich and Kathy Yelick"
 ,title={{P}rogramming in the {P}artitioned {G}lobal {A}ddress {S}pace {M}odel}
 ,year="2003"
,note="Presentation at SC 2003, http://www.gwu.edu/{~}upc/tutorials.html"
}

@misc{ jsr201
,author="Sun Microsystems"
 ,title={{E}xtending the {J}ava {P}rogramming {L}anguage with {E}enumerations, {A}utoboxing, {E}nhanced for loops and {S}tatic {I}mport}
 ,year="2004"
,note="JSR 201, http://www.jcp.org/en/jsr/detail?id=201"
,institution="Sun Microsystems, Inc."
}

@misc{ gjspec
,author="Gilad Bracha et al"
 ,title={{A}dding {G}enerics to the {J}ava {P}rogramming {L}anguage}
 ,year="2001"
,note="JSR 014, http://www.jcp.org/en/jsr/detail?id=014"
,institution="Sun Microsystems, Inc."
}

@TECHREPORT{XtenLibrary,
    AUTHOR = "Vijay Saraswat et al",
    TITLE = "The {X10} {S}tandard {C}lass {L}ibrary",
    TYPE = "Technical Report",
    INSTITUTION = "IBM TJ Watson Research Center",
    ADDRESS = "New York",
    YEAR = 2004,
        NOTE="Forthcoming"
    }


@article{kava,
    author = {David Bacon},
    title = {{Kava}: A {J}ava dialect with a uniform object model for lightweight classes},
    journal = {Concurrency -- Practice and Experience},
    year = {2003},
    volume = {15},
    issue = {3--5},
    pages={185--206}
}

@inproceedings{zpl
,title="The high-level parallel language {ZPL} improves productivity and performance"
,author="Bradford L.{} Chamberlain and Sung-Eun Choi and Steven J. Deitz and Lawrence Snyder"
,booktitle="Proceedings of the IEEE International Workshop on Productivity and Performance in High-End Computing"
,year={2004}
}

@inproceedings{SaraswatPODC88
,title="Detecting stable properties of networks in concurrent logic programming languages"
,author="Vijay Saraswat and Kenneth Kahn and Udi Shapiro and David Weinbaum"
,booktitle="Seventh Annual ACM Symposium on Principles of Distributed Computing"
,year={1988}
,pages={210--222}
}
@article{multilisp,
    author = {R.~Halstead},
    title = {{MULTILISP}: A language for concurrent symbolic computation},
    journal = {{ACM} {T}ransactions on {P}rogramming {L}anguages and {S}ystems},
    year = {1985},
    volume = {7},
    issue = {4},
    pages={501--538}
}

@misc{ concert,
  author = "A. Chien and J. Dolby and B. Ganguly and V. Karamecheti and X. Zhang",
  title = "High Level Parallel Programming: the Illinois Concert System",
  text = "A.A. Chien, J. Dolby, B. Ganguly, V. Karamecheti, and X. Zhang, High Level
    Parallel Programming: the Illinois Concert System, Submitted for publication,
    1998.",
  year = "1998",
  url = "citeseer.ist.psu.edu/chien98high.html" }

@article{fages-query,
    author = {N.~Chabriere-Rivier and M.~Chiaverini and V.~Danos and F.~Fages and V.~Schachter},
    title = {{M}odeling and querying biomolecular interaction networks},
    journal = {Theoretical Computer Science},
    month={may},
    year = {2003}
}

@article{gillespie,
    author = {D.~Gillespie},
    title = {A general method for numerically simulating the stochastic time evolution of coupled chemical reactions},
    journal = {Journal of Computational Physics},
    year = {1976},
    volume = {22},
    pages={403--434}
}

@article{dejong,
    author = {H.~de Jong},
    title = {{M}odeling and {S}imulation of genetic regulatory systems: A literature review},
    journal = {Journal of Computational Biology},
    month={aug},
    year = {2001},
    volume = {9},
    number = {10},
    pages={69--105}
}

@inproceedings{dmc,
  author = {G. Delzanno and A. Podelski}
  ,title = {Model checking in {CLP}}
  ,booktitle = {Proceedings of the 5th International Conference on Tools and Algorithms for Construction and Analysis of Systems, TACAS '99, Volume 579 of LNCS}
   ,year = {1999}
   ,series={LNCS}
  ,volume={579}
  ,pages={223--239}
  ,month={jan}
}
@article{kohn,
    author = {K.~Kohn},
    title = {{M}olecular interaction map of the {M}ammalian {C}ell cycle control and {DNA} repair systems},
    journal = {Molecular Biology of Cell},
    month={aug},
    year = {1999},
    volume = {10},
    number = {8},
    pages={703--2734}
}


@article{formal-biology,
    author = {V.~Danos and C.~Laneve},
    title = {{F}ormal {M}olecular {B}iology},
    journal = {TCS},
    year = {2004},
    note={To appear}
}

@TECHREPORT{lj,
    AUTHOR = "Clifford Tse",
    TITLE = "{L}inear {J}anus: A concurrent programming language",
    TYPE = "Technical Report",
    INSTITUTION = "Xerox PARC",
    ADDRESS = "Palo Alto, CA",
    YEAR = 1992,
        NOTE="MIT AI Lab MS Thesis"
    }

@article{lcc-fages,
    title = {Linear concurrent constraint programming: operational and phase semantics},
    author = {Francois Fages and Paul Ruet and Sylvain Soliman},
    journal = {Journal of Information and Computation},
    volume = {165},
    number = {1},
    pages = {14--41},
    month = {February},
    year = {2001}

}

@techreport{ saraswat92higherorder,
    author = "Vijay Saraswat and Patrick Lincoln",
    title = "{Higher-order Linear Concurrent Constraint Programming}",
    year = "1992",
    institution = "Xerox PARC",
    url = "citeseer.ist.psu.edu/saraswat92higherorder.html" }

@UNPUBLISHED{atomic-sections,
  author =       "{IBM} {PERCS} {P}rogramming {M}odel {T}eam",
  title =        "{U}sing {A}tomic {S}ections",
  year="2004",
  month="January",
  note = {v~0.5}
}

@techreport{lindstrom-jmm
,title={A {G}eneric {O}peratonal {M}emory {M}odel {S}pecification {F}ramework for {M}ultithreaded {P}rogram {V}erification}
 ,author={Y.~Yang and G.~Gopalakrishna and G.~Lindstrom}
 ,institution="School of Computing, U.~of Utah"
 ,year="2004"
}

@inproceedings{ crf-jmm,
  author = {J.-W.~Maessen and Arvind and X.~Shen},
  title = {{I}mproving the {J}ava {M}emory {M}odel {U}sing {CRF}},
  booktitle = {OOPSLA},
    year = {2000}
}

@inproceedings{crf,
    author = {X.~Shen and Arvind and L.~Rudolph},
    title = {Commit-reconcile and fences (CRF): a new memory model for architects and compiler writers},
    booktitle = {Proceedings of the 16th {A}nnual {I}nternational {S}ymposium on {C}omputer {A}rchitecture},
    pages = {150--161},
    year = {1999}
}

@techreport{cmm
 ,title={Concurrent {C}onstraint-based {M}emory {M}achines: A framework for \java{} {M}emory {M}odels}
 ,author={V.~Saraswat}
 ,institution="IBM T.J.Watson Research Center"
 ,month="March"
 ,year="2004"
}

@techreport{ccm-impl
 ,title={{\sc JMMSolve}: a generative reference implementation of {CCM} {M}achines}
 ,author={T.~Schrijvers and B.~Demoen}
 ,institution="Katholieke Universiteit Leuven"
 ,number="Report CW 379"
 ,month="January"
 ,year="2004"
}

@article{mem-cons-advances,
    author = {S.~Adve and V.~S.~Pai and P.Ranganthan},
    title = {{R}ecent {A}dvances in {M}emory {C}onsistency {M}odels for {H}ardware {S}hared-{M}emory {S}ystems},
    journal = {Proceedings of the IEEE},
    volume = {87},
    number = {3},
    pages = {445--455},
    month = {March},
    year = {1999}

}

@article{shasha-snir,
    author = {D.~Shasha and M.~Snir},
    title = {{E}fficient and {C}orrect {E}xecution of {P}arallel {P}rogramsthat {S}hare {M}emory},
    journal = {ACM Transactions on Programming Languages and Systems},
    volume = {10},
    number = {2},
    pages = {282--312},
    month = {April},
    year = {1988}

}

@inproceedings{release-consistency,
    author = {K.~Gharachorloo and D.~Lenoski and J.~Laudon and P.~Gibbons and A.~Gupta and J.~Hennessy},
    title = {{M}emory consistency and {E}vent {O}rdering in {S}calable {S}hared-{M}emory {M}ultiprocessors},
    booktitle = {Proceedings of the 17th {A}nnual {ACM} Symposium on Computer Architecture},
    pages = {15--25},
    month= {June},
    year = {1990}
}


@inproceedings{clp,
    author = "J.~Jaffar and J.-L.~Lassez",
    title = "Constraint {L}ogic {P}rogramming",
    booktitle = "Proceedings of the 14th {A}nnual {ACM} Symposium on Principles of Programming Languages ({POPL}'87), Munich, Germany",
    publisher = "ACM Press, New York (NY), USA",
    pages = "111--119",
    year = "1987"}



@techreport{shared-memory-tutorial
,title={Shared {M}emory {C}onsistency {M}odels: A tutorial}
 ,author={S.~Adve and K.~Gharachorloo}
 ,institution="Digital Western Research Laboratory"
 ,year="1995"
}

@article{ lc,
    author = {G.~Gao and V.~Sarkar},
    title = {{L}ocation {C}onsistency -- {A} {N}ew {M}emory {M}odel and {C}ache {C}onsistency {P}rotocol},
    journal = {IEEE Transactions on Computers},
    volume = {49},
    number = {8},
    pages = {798--813},
    month = {August},
    year = {2000}

}

@techreport{capsl-tm-52
,title={Analyzable Atomic Sections: Integrating Fine-Grained Synchronization and Weak Consistency Models for Scalable Parallelism}
 ,author={V.~Sarkar and G.~R.~Gao}
 ,institution="CAPSL Technical Memo 52"
 ,year="2004"
 ,month="February"
}

@article{ pugh-jmm-broken,
    author = {W.~Pugh},
    title = {The {J}ava {M}emory {M}odel is {F}atally {F}lawed},
    journal = {Concurrency: Practice and Experience},
    volume = {},
    number = {},
    pages = {},
    month = {},
    year = {2004?},
    note = {To appear}

}

@article{ lamport-sc,
    author = {L.~Lamport},
    title = {How to make a multiprocessor computer that correctly executes multiprocess programs},
    journal = {IEEE Transactions on Computers},
    volume = {28},
    number = {9},
    pages = {},
    month = {},
    year = {1979}
}

@techreport{adve
,title={SC-}
 ,author={S.~Adve}
 ,institution=""
 ,year="2004"
 ,note="{\tt http://www.cs.umd.edu/~pugh/java/memoryModel/}"
}

@techreport{coherence
,title={Java consistency: {N}on-operational characterization for the {J}ava {M}emory {B}ehavior}
 ,author={A.~Gontmakher and A.~Schuster}
 ,institution="Department of Computer Science, Technion"
 ,year="1997"
}

@techreport{mp
,title={The {M}anson/{P}ugh Model}
 ,author={J.~Manson and W.~Pugh}
 ,institution="U Maryland"
 ,year="2004"
 ,note="{\tt http://www.cs.umd.edu/~pugh/java/memoryModel/}"
}

@techreport{jmm-causality
,title={{J}ava {M}emory {M}odel {C}ausality {T}est {C}ases}
 ,author={W.~Pugh}
 ,institution="U Maryland"
 ,year="2004"
 ,note="{\tt http://www.cs.umd.edu/~pugh/java/memoryModel/}"
}
@techreport{xpath
,author={James Clark and Steve DeRose}
 ,title={XML {Path} {L}anguage ({XP}ath)}
 ,institution="W3C"
 ,year="1999"
 ,note="{\tt http://www.w3.org/TR/xpath}"
}
@techreport{xsd-0
 ,author={David Fallside}
 ,title={XML {Schema} {P}art 0: {P}rimer}
 ,institution="W3C"
 ,year="2001"
 ,note="{\tt http://www.w3.org/TR/xmlschema-1}"
}
@techreport{xsd
 ,author={Henry Thompson and David Beech and Murray Maloney and Noah Mendelsohn}
 ,title={XML {Schema} {P}art 1: {S}tructures}
 ,institution="W3C"
 ,year="2001"
 ,note="{\tt http://www.w3.org/TR/xmlschema-1}"
}
@techreport{xquery
,author={Scott Boag and Don Chamberlin and Mary Fernandez and Daniela Florescu and Jonathan Robie and Jerome Simeon}
 ,title={{XQ}uery 1.0: {A}n {XML} {Q}uery {L}anguage}
 ,institution="W3C"
 ,year="2003"
 ,note="{\tt http://www.w3.org/TR/xquery}"
}
@techreport{xml
,author={Tim Bray and Jean Paolo and C.M.~Sperberg=McQueen and Eve Maler}
 ,title={{E}xtensible {M}arkup {L}anguage (XML) 1.0 (Second Edition)}
 ,institution="W3C"
 ,year=" 2000"
 ,note="{\tt http://www.w3.org/TR/REC-xml}"
}
@misc{ double-checking
,author="David Bacon and Joshua Bloch and Jeff Bogda and Cliff Click and Paul Haahr and Doug Lea and Tom May and Jan-Willem Maessen and John D.~Mitchell and Bill Pugh and Emin Gun Sirer"
 ,title={The ``{D}ouble-{C}hecked {L}ocking is {B}roken'' {D}eclaration}
 ,year="1999"
,note="http://www.cs.umd.edu/~pugh/java/memoryModel/DoubleCheckedLocking.html"
,institution="University of Maryland"
}
@misc{ jsr-166
,author="Doug Lea"
 ,title={The {C}oncurreny {U}tilities}
 ,year="2001"
,note="JSR 166, http://www.jcp.org/en/jsr/detail?id=166"
,institution="Sun Microsystems, Inc."
}
@misc{ jsr133-proposal
,author="W.~Pugh"
 ,title={{P}roposal for {J}ava {M}emory {M}odel and {T}hread {S}pecification {R}evision}
 ,year="2001"
,note="JSR 133, http://www.jcp.org/en/jsr/detail?id=133"
,institution="Sun Microsystems, Inc."
}

@misc{ jsr133
,author="W.~Pugh"
 ,title={{J}ava {M}emory {M}odel and {T}hread {S}pecification {R}evision}
 ,year="2004"
,note="JSR 133, http://www.jcp.org/en/jsr/detail?id=133"
,institution="Sun Microsystems, Inc."
}

@book{lea-concurrency,
 title={Concurrent Programming in Java, Second Edition: Design Principles and Patterns},
 author={Doug Lea},
 publisher={Addison Wesley Series in Java},
 year={2000}
}

@inproceedings{predicateClasses,
author = {C.~Chambers},
booktitle = {{ECOOP '93 Conference Proceedings}},
title = {{Predicate Classes}},
year = {1993}
}



@techreport{static-cap-support
,author={V.~Saraswat and R.~Jagadeesan}
 ,title={Static Support for Capabilities in \java}
 ,institution="The Pennsylvania State University"
 ,year=" 2003"
 ,month="March"
 ,note="Presented at the Second APPSEM workshop at Nottingham"
}

@inproceedings{regev-pi-calc,
author = {A.~Regev and W.~Silverman and E.~Shapiro},
title = {Representation and simulation of biochemical processes using the $\pi$-calculus process algebra},
booktitle = {{Pacific Symposium on Biocomputing}},
year = {2001},
volume = {6},
pages={459--470}
}


@inproceedings{Tiwari03:HSCC,
    TITLE = "Approximate Reachability for Linear Systems",
    AUTHOR = {Tiwari, A.},
    BOOKTITLE = {Hybrid Systems: Computation and Control HSCC},
    EDITOR = "Maler, O. and Pnuelu, A.",
    PAGES = {??--??},
    PUBLISHER = {Springer},
    SERIES = {LNCS},
    VOLUME = "??",
    MONTH = apr,
    YEAR = 2003
}


@misc{jml-overview,
title = {{An overview of JML tools and applications}},
author = {Lilian Burdy and Yoonsik Cheon and David Cok and Michael Ernst and Joe Kiniry and Gary Leavens and K Rustan and M Leino and Erik Poll},
note = {To appear in Electronic Notes in Theoretical Computer Science}
}

@inproceedings{ cellerator,
    author = {Bruce Shapiro and Eric Molsness},
    title = {Developmental Simulations with Cellerator},
    booktitle = {Proceedings of the Second International Conference on Systems Biology},
    publisher = {Jet Propulsion Laboratory, California Institute of Technology},
   year = {2001}
}

@inproceedings{ progg-tcc,
    author = "Vijay Saraswat and Radha Jagadeesan and Vineet Gupta",
    title = "Programming in Timed Concurrent Constraint Languages",
    booktitle = "Constraint Programming: Proceedings 1993 {NATO {ASI} Parnu, Estonia}",
    publisher = "Springer Verlag",
    address = "Berlin, Germany~/ Heidelberg, Germany~/ London, UK~/ etc.",
    editor = "B. Mayoh and E. Tyugu and J. Penjaam",
    isbn = "3-540-57859-5",
    pages = "361--410",
    year = "1994",
    url = "citeseer.nj.nec.com/article/saraswat94programming.html" }

@techreport{ reflex-esterel
,author={Raphael Bernhard and Gerard Berry and Frederic Boussinot and Georges Gonthier and Annie Ressouche and Jean-Paul Rigault and Jean-Marc Tanzi}
 ,title={{Programming a Reflex Game in Esterel v3}}
 ,institution="INRIA"
 ,year=" 1989"
  ,month="May"
 ,url={ftp://ftp-sop.inria.fr/meije/esterel/examples/game.pdf}
}

@misc{ esc-java,
  author = "C. Flanagan and K. Leino and M. Lillibridge and C. Nelson and J. Saxe and
    R. Stata",
  title = "Extended static checking for {J}ava",
  text = "C. Flanagan, K. R. M. Leino, M. Lillibridge, C. Nelson, J. Saxe, and R.
    Stata. Extended static checking for Java. In Proc. PLDI, 2002.",
  year = "2002",
  url = "citeseer.nj.nec.com/flanagan02extended.html" }

@incollection{ smolka95:oz-programming:inc,
    author={Gert Smolka},
    title={The {O}z Programming Model},
    booktitle={Computer Science Today: Recent Trends and Developments},
    publisher={Springer-Verlag},
    year={1995},
    address={Berlin},
    editor={Jan van Leeuwen},
    pages={324-343},
    isbn={3-540-60105-8},
    series={Lecture Notes in Computer Science},
    volume={1000},
    url={citeseer.nj.nec.com/smolka95oz.html},
    url={ftp://ftp.ps.uni-sb.de/pub/papers/ProgrammingSysLab/volume1000.ps.gz} }

@techreport{ esterel-compiler
,author="Gerard Berry"
 ,title={{The Esterel v5 Language Primer Version 5.21 Release 2.0}}
 ,institution="INRIA"
 ,year=" 1999"
  ,month="April"
 ,url="ftp://ftp-sop.inria.fr/meije/esterel/papers/primer.pdf"
}

@inproceedings{odersky97pizza,
    author = "M. Odersky and P. Wadler",
    title = "Pizza into {Java}: Translating Theory into Practice",
    booktitle = "Proceedings of the 24th {ACM} Symposium on Principles of Programming Languages ({POPL}'97), Paris, France",
    publisher = "ACM Press, New York (NY), USA",
    pages = "146--159",
    year = "1997",
    url = "citeseer.nj.nec.com/odersky97pizza.html" }

@inproceedings{crp,
    author = "G.~Berry and S.~Ramesh and R.K.~Shyamsundar",
    title = "Communicating Reactive processes",
    booktitle = "Proceedings of the 20th {ACM} Symposium on Principles of Programming Languages ({POPL}'93), Charleston, South Carolina",
    publisher = "ACM Press, New York (NY), USA",
    year = "1993"}

@inproceedings{ edwards00compiling,
    author = "Stephen A. Edwards",
    title = "{Compiling \Esterel{} into sequential code}",
    booktitle = "Design Automation Conference",
    pages = "322-327",
    year = "2000",
    url = "citeseer.nj.nec.com/edwards00compiling.html" }


@book{gtlp,
 title={Guide to Living in Pittsburgh},
 author={Brian Reid and Elaine Rich and Paul Bennett and Angela Brown},
 publisher={Dec Five, Inc},
 year={2001}
}

@book{dijkstra,
 title={A discipline of programming},
 author={Edsger Dijkstra},
 publisher={Prentice Hall},
 year={1976}
}

@article{ liskov-behaviors,
    author = {Barbara Liskov and Jeannette Wing},
    title = {A behavioral notion of subtyping},
    journal = {ACM Transactions on Programming Languages and Systems},
    volume = {16},
    number = {1},
    pages = {1811--1841},
    month = {November},
    year = {1994}
}

@article{ java-memory-model,
    author = "William Pugh",
    title = {The \Java{} memory model is fatally flawed},
    journal = "Concurrency:Practice and Experience",
    volume = "12",
    number = "1",
    pages = "1--11",
    year = "2000"}


@article{ mcdowell98encoding,
    author = "R. McDowell and D. Miller and C. Palamidessi",
    title = "Encoding transition systems in sequent calculus",
    journal = "Theoretical Computer Science",
    volume = "197",
    number = "1--2",
    pages = "246--??",
    year = "1998",
    url = "citeseer.nj.nec.com/mcdowell00encoding.html" }

@techreport{ petrinet-ll,
 author={N.~Marti-Oliet and J.~Meseguer},
 title={From Petri nets to linear logic through categories: A survey},
 institution={SRI International},
 year={1991},
 month={April}
}

@techreport{ angelic-cc,
 author={R.~Jagadeesan and V.~Shanbhogue and V.~Saraswat},
 title={Angelic non-determinism in concurrent constraint programming},
 institution={System Sciences Lab, Xerox PARC},
 year={1991},
 month={January}
}

@inproceedings{ mcaloon-sequent,
  author = {J.-L.~Lassez and K.~McAloon},
  title = {A constraint sequent calculus},
  booktitle = {Proceedings of the 1990 IEEE Logic in Computer Science Symposium},
    pages = {52--61},
    year = {1990}
}

@inproceedings{ gj,
  author = {Gilad Bracha and Martin Odersky and David Stoutamire and Philip Wadler},
  title = {Making the future safe for the past: {A}dding {G}enericity to the {J}ava {P}rograming {L}anguage},
  booktitle = {OOPSLA},
    year = {1998}
}

@inproceedings{ miller-transition,
  author = {R.~McDowell and D.~Miller and C.~Palamidessi},
  title = {Encoding Transition Systems in Sequent Calculus},
  booktitle = {Proceedings of the 1996 Workshop on Linear Logic},
    year = {1996}
}

@inproceedings{ srp,
  author = {V.~Saraswat and M.~Rinard and P.~Panangaden},
  title = {Semantic foundations of concurrent constraint programming},
  booktitle = {Proceedings of the Eighteenth ACM Symposium on Principles of Programming Languages},
    year = {1991}
}

@inproceedings{ lincoln-prop-LL,
  author = {P.~Lincoln and J.~Mitchell and A.~Scedrov and N.~Shankar},
  title = {Decision problems for propositional linear logic},
  booktitle = {Proceedings of the 31st IEEE Symposium on Foundations of  Computer Science},
    pages = {662--671},
    year = {1990}
}

@inproceedings{ maher-alps,
  author = {M.~Maher},
  title = {Logic semantics for a class of committed-choice languages},
  booktitle = {Proceedings of the 4th International Conference on Logic Programming},
    publisher = {MIT Press},
    year = {1987}
}


@book{kleene-book,
 title={Introduction to Metamathematics},
 author={S.C.~Kleene},
 publisher={North-Holland},
 year={1952}
}

@book{hen-book,
 title={An algebraic theory of processes},
 author={M.~Hennessy},
 publisher={MIT Press},
 year={1988}
}

@book{szabo,
 title={The collected papers of Gerhard Gentzen},
 author={M.E.~Szabo},
 publisher={North-Holland},
 year={1969}
}

@article{kleene,
    author = {S.C.~Kleene},
    title = {Permutability of {I}nferences in {G}entzen's calculi {LK} and {LJ}},
  journal =  {Memoirs of the American Mathematical Society},
  volume = 10,
  year = {1952},
}

@article{miller-modules,
    author = {D.~Miller},
  title =  {A logical analysis of modules in logic programming},
    journal= {Journal of Logic Programming},
  volume = {6},
  pages={79--108},
  year = {1989},
}

@article{hen-testing,
    author = {R.~de Nicola and M.~Hennessyd},
    title = {Testing equivalences for processes},
  journal =  {Theoretical Computer Science},
  volume = 34,
  pages={83--133},
  year = {1984},
}

@article{girard-ll,
    author = {J.Y.~Girard},
    title = {Linear Logic},
  journal =  {Theoretical Computer Science},
  volume = 50,
  pages={1--102},
  year = {1987},
}

@PhdThesis{asperti-thesis,
  author =   {A.~Asperti},
  title =    {Categorical topics in Computer Science},
  school =   {Dipartimento di Informatica, Universita di Pisa},
  year =     {1990},
  month =    {March}
}
@PhdThesis{gunter-thesis,
  author =   {C.~Gunter},
  title =    {Profinite solutions for recursive domain equations},
  school =   {Department of Mathematics, University of Wisconsin-Madison},
  year =     {1985}
}

@inproceedings{ chander01statetransition,
  author = "A. Chander and D. Dean and J. Mithell",
  title = "A State-Transition Model of Trust Management and Access Control",
    booktitle = "Proceedings of the 14th Computer Security Foundations Workshop",
    pages = "27--43",
    year = "2001",
  url = "citeseer.nj.nec.com/chander01statetransition.html" }

@article{kain-landwehr,
    author = "Richard Y. Kain and Carl E. Landwehr",
    title = "On Access Checking in Capability-Based Systems",
  journal =    "IEEE Transactions on Software Engineering",
  volume = 13,
  number = 2,
  month={February},
  pages={202--207},
  year =         "1987",
}

@inproceedings{ kain86access,

    booktitle = "{IEEE} Symposium on Security and Privacy",
    pages = "95-101",
    year = "1986",
    url = "citeseer.nj.nec.com/kain87access.html" }

@InProceedings{eros,
  author =       {J.~Shapiro and J.~Smith and D.~Farber},
  title =        "{EROS: A fast capability system}",
  booktitle =    "Proceedings of the 17th ACM Symposium on Operating Systems Principles",
  month = {December},
  year =         {1999},

}

@InProceedings{keykos,
  author =       "Key Logic Inc",
  title =        "{KeyKOS -- A Secure, High-Performance Environment for S/370}",
  booktitle =    "Proceedings of SHARE 52 I",
  month = {March},
  year =         {1988},
  pages={3--17},
  note="\verb+www.cis.upenn.edu/~keyKOS/Key370/Key370.html+"

}

@InProceedings{separation-logic,
  author =       "J.~Reynolds",
  title =        "{Separation Logic: A Logic for Shared Mutable Data Structures}",
  booktitle =    "{LICS} '02. Proceedings of the Seventeenth Annual {IEEE}
                 Symposium on Logic in Computer Science",
  publisher =    "IEEE",
  month = {July},
  year =         {2002}
}

@article{confined-types,
  author =       "J.~Bokowski and J.~Vitek",
  title =        "{Confined Types in \Java}",
  journal =    "Software Practice and Experience",
  volume = 31,
  number = 6,
  year =         "2001",
}

@article{safkasi,
  title =       "SAFKASI: A security mechanism for language-based systems",
  author =        "D.~Wallach and A.~Appel and E.~Felten",
  journal =    "ACM Transactions on Software Engineering and Methodology",
  volume = 9,
  number = 4,
  month={October},
  year =         "2000",
}

@article{bi-logic,
  title = "The logic of bunched implications",
  author = "P.~O'Hearn and D.~Pym",
  journal = {Bull. of Symbolic Logic},
  volume = {5},
  number = {2},
  year = 1999,
  month={June},
  pages={215--243}
}

@inproceedings{kahn74,
 author = {G. Kahn},
 title = {The semantics of a simple language for parallel programming},
 booktitle = {Information Processing 74},
 year = {1974}
 }


@inproceedings{boyapati02ownership,
 author = {C. Boyapati and R. Lee and M. Rinard},
 title = {Ownership types for safe programming: Preventing data races and deadlocks},
 booktitle = {OOPSLA '02: Companion to the 17th annual ACM SIGPLAN conference on Object-oriented programming systems, languages, and applications},
 year = {2002},
 publisher = {ACM Press},
 address = {New York, NY, USA},
 }


@InProceedings{liskov-popl2003,
  author =       "C.~Boyapati and B.~Liskov and L.~Shrira",
  title =        "Ownership types for object encapsulation",
  booktitle =    "{POPL} '03. Proceedings of the 30th {ACM}
                 {SIGPLAN}-{SIGACT} on Principles of programming
                 languages",
  publisher =    "ACM Press",
  address =      "New York, NY, USA",
  year =         "2003"
}

@InProceedings{universe-types,
  author =       "P.~Muller and A.~Poetzsch-Heffter",
  title =        "{A type system for controlling representation exposure in \Java}",
  booktitle =    "ECOOP Workshop on Formal Techniques for {\Java} programs",
  year =         "2000"
}
@InProceedings{ownership-types,
  author =       "D.~Clarke and J.~Noble and J.~Potter",
  title =        "{Simple ownership types for object containment}",
  booktitle =    "ECOOP",
  year =         "2001"
}

@techreport{ ibm-38
,author=" V.~Berstis and C.~Truxal and J.~Ranweiler"
 ,title="System/38 addressing and authorization"
 ,institution=" IBM"
 ,year=" 1980"
}

@book{jls2
,title="The Java Language Specification"
,author="J.~Gosling and W.~Joy and G.~Steele and G.~Bracha"
,publisher="Addison Wesley"
,year={2000}
}

@book{wam
,title="Warren's Abstract Machine: A tutorial reconstruction"
,author="Hassan Ait-Kaci"
,publisher="MIT Press"
,year={1991}
}

@book{meyer-oosc,
title={Object-oriented software construction},
author={Bertrand Meyer},
publisher={Prentice Hall},
year={2000}
}

@inproceedings{ findlerbehavioral,
    author = "Robert Bruce Findler and Mario Latendresse and Matthias Felleisen",
    title = "Behavioral Contracts and Behavioral Subtyping",
    pages = "229--236",
    booktitle = {{Foundations of Software Engineering}},
    year = {2001},
    url = "citeseer.nj.nec.com/article/findler01behavioral.html" }

@misc{ liskov99behavioral,
  author = "B. Liskov and J. Wing",
  title = "Behavioral subtyping using invariants and constraints",
  text = "Liskov, B. H. and J. Wing. Behavioral subtyping using invariants and constraints.
    Technical Report CMU CS-99-156, School of Computer Science, Carnegie Mellon
    University, July 1999.",
  year = "1999",
  url = "citeseer.nj.nec.com/liskov99behavioral.html" }

@UNPUBLISHED{nesc,
  author =       "David Gay and David Culler and Philip Levis",
  title =        "\nesc{} Language Reference Manual",
  year="2002",
  month="September",
  note =         {See TinyOS home page.}
}

@UNPUBLISHED{jmm-double-checked-locking,
  author =       "David Bacon et al",
  title =        {``{T}he double checked locking is broken'' declaration},
  year="2000",
  note =         {http://www.cs.umd.edu/~pugh/java/memoryModel/DoubleCheckedLocking.html}
}

@UNPUBLISHED{pugh-jmm-latest,
  author =       {Jeremy Manson and William Pugh},
  title =        {{A new approach to the semantics of Multithreaded Java}},
  year={2003},
  month= {January},
  note = {http://www.cs.umd.edu/~pugh/java/memoryModel/}
}

@article{ herlihy91waitfree,
    author = "Maurice Herlihy",
    title = "Wait-Free Synchronization",
    journal = "ACM Transactions on Programming Languages and Systems",
    volume = "13",
    number = "1",
    month = "January",
    publisher = "ACM Press",
    pages = "124--149",
    year = "1991",
    url = "citeseer.nj.nec.com/herlihy93waitfree.html" }

@article{landwehr-security,
  author = "Carl E.~Landwehr",
  title = "Formal models for Computer Security",
  journal = {ACM Computing Survey},
  volume = 13,
  number = 3,
  year = 1981,
  month = {September},
  note = {http://doi.acm.org/10.1145/356850.356852}
}

@article{lampson,
  author = "Butler Lampson",
  title = "A note on the confinement problem",
  journal = {CACM},
  volume = 16,
  number = 10,
  year = 1973,
  month = {October},
  pages={613--615}
}

@techreport{ cap-myths
,author=" Mark S. Miller and Ka Ping Yee and Jonathan Shapiro"
 ,title="Capability Myths Demolished"
 ,year=" 2003"
,institution="Combex, Inc."
}

@misc{ e
,author=" Mark S. Miller et al"
 ,title="{\E{}}: Open Source distributed capabilities"
 ,year="1998"
,note="http://www.erights.org"
,institution="Combex, Inc."
}

@misc{ isolates
,author="Peter Soper"
 ,title={The {Application} {Isolation} {API}}
 ,year="2001"
,note="JSR 121, http://www.jcp.org/en/jsr/detail?id=121"
,institution="Sun Microsystems, Inc."
}

@inproceedings{boebert,
  author = "W.E.~Boebert",
  title = "On the inability of an unmodified capability Machine to Enforce the $\star$-property",
  booktitle = "Proceedings of the 7th DoD/NBS Computer Security Conference",
  year = 1984,
  month="September",
  pages="291--293",
  note="See http://zesty.ca/capmyths/boebert.html"
}

@inproceedings{desiderata,
  author = "Vijay Saraswat",
  title = "Design requirements for network spaces",
  booktitle = "Proceedings of the Virtual Worlds and Simulation Conference",
  year = 1998,
  month="January",
}

@inproceedings{felten-security,
  author = "Dan Wallach and Dirk Balfanz and Drew Dean and Edward Felten",
  title = "Extensible Security Architectures for {Java}",
  booktitle = "Proceedings of the Sixteenth ACM Symposium on Operating Systems Principles",
  year = {1997}
}
@inproceedings{hydra,
  author = "William Wulf and Roy Levine and Charles Pierson",
  title = {Overview of the Hydra Operating System Development},
  booktitle = "Proceedings of the Fifth ACM Symposium on Operating Systems Principles",
pages="122--131",
  year = {1975}
}

@inproceedings{ligong,
  author = "Li Gong",
  title = "A secure identity-based capability system",
  booktitle = "Proceedings of the  1989 IEEE Symposium on Security and Privacy",
pages="56--63",
  year = {1989}
}

@inproceedings{karger,
  author = "P.~Karger and A.~Herbert",
  title = "An augmented capability architecture to support lattice security and traceability of access",
  booktitle = "Proceedings of the  1984 IEEE Symposium on Security and Privacy",
pages="2--12",
  year = {1984}
}

@inproceedings{needham,
  author = "Roger Needham and R.{} Walker",
  title = {The Cambridge CAP computer and its protection system},
  booktitle = "Proceedings of the  ACM Symposium on Operating Systems Principles",
pages="1--10",
  year = {1977}
}

@inproceedings{java-accessibility,
  author = "Rajeev Motwani and Suresh Venkatsubramaniam and Rina Panigrahy and Vijay Saraswat",
  title = "On the decidability of the accessibility problem",
  booktitle = "ACM Symposium on the Theory of Computing",
  year = {2000}
}


@inproceedings{22,
  author = "K. Ebcioglu and E. R. Altman",
  title = "{DAISY}:  dynamic compilation for {100\%} architectural compatibility",
  booktitle = "the International Symposium on Computer Architecture",
  year = 1997
}

@inproceedings{23,
  author = "D. R. Engler",
  title = "{VCODE}: a retargetable, extensible, very fast dynamic code generation system",
  booktitle = "the 23rd ACM Conference on Programming Language Design and Implementation",
  year = 1996
}

@inproceedings{24,
  author = "B. Grant and M. Philipose and M. Mock and C. Chambers and S. J. Eggers",
  title = "An evaluation of staged run-time optimizations in {DyC}",
  booktitle = "Conference on Programming Language Design and Implementation",
  month = may,
  year = 1999
}

@inproceedings{eoc,
  author = "I. Kadayif and M. Kandemir and N. Vijaykrishnan and M. J. Irwin and A Sivasubramaniam",
  title = "{EAC}: a compiler framework for high-level energy estimation and optimization",
  booktitle = "the 5th Design Automation and Test in Europe Conference",
  address = "Paris, France",
  month = mar,
  year = 2002
}

@inproceedings{25,
  author = "J. R. Larus and E. Schnarr",
  title = "{EEL}:  machine-independent executable editing",
  booktitle = "SIGPLAN Conference on  Programming Language Design and Implementation",
  year = 1995
}

@inproceedings{matte,
  author = "P. Levis and D. Culler",
  title = "Mate --- a Virtual Machine for Tiny Networked Sensors",
  booktitle = "ASPLOS",
  month = oct,
  year = 2002
}

@inproceedings{wang,
  author = "Z. Li and C. Wang and R. Xu",
  title = "Computation offloading to save energy on handheld devices: A partition scheme",
  booktitle = "International Conference on Compilers, Architectures and Synthesis for Embedded Systems",
  month = nov,
  address = "Atlanta, Georgia",
  year = 2001
}

@article{8,
  author = "B. P. Miller and M. D. Callaghan and J. M. Cargille and J. K. Hollingsworth and R. B. Irvin and K. L. Karavanic and K. Ku
nchithapadam and T. Newhall",
  title = "The Paradyn parallel performance measurement tools",
  journal = "IEEE Computer",
  volume = 28,
  number = 11,
  year = 1995,
  pages = "37--46"
}

@inproceedings{iccad,
  author = "P. Unnikrishnan and G. Chen and M. Kandemir and D. R Mudgett",
  title = "Dynamic compilation for energy adaptation",
  booktitle = "the International Conference on Computer Aided Design",
  address = "San Jose, CA",
  month = nov,
  year = 2002
}

@misc{smart-buildings,
title = {{Smart buildings admit their faults}},
note = {http://www.coe.berkeley.edu/labnotes/1101smartbuildings.html}
}

@UNPUBLISHED{nesc,
  author =       "David Gay and David Culler and Philip Levis",
  title =        "\nesc{} Language Reference Manual",
  year="2002",
  month="September",
  note =         {See TinyOS home page.}
}

@UNPUBLISHED{mbp-proposal,
  author =       "V~Saraswat and R.~Jagadeesan and V.~Gupta and M.~Shirley",
  title =        "Hybrid Concurrent Constraint Programming as a Foundation for Model-based Programming",
  year="2002",
  month="December",
  note =         {Whitepaper available from V.~Saraswat.}
}

@UNPUBLISHED{jcc-lecture,
  author =       "V~Saraswat",
  title =        "CSE 598F: Lecture Notes on Programming in \jcc{}",
  year="2003",
  month="February",
  note =         {Available from V.~Saraswat.}
}

@inproceedings{jcc-paper,
  author =       {V~Saraswat and R~Jagadeesan and V~Gupta},
  title =        {\jcc{}: Integrating timed default concurrent constraint programming into \java},
  series = {Lecture Notes in Computer Science},
  publisher = {Springer Verlag},
  number = {2902},
  pages={156--170},
  year={2003}
}


@UNPUBLISHED{katzenelson-amorphous,
  author =       "Jacob Katzenelson",
  title =        "Notes on Amorphous Computing",
  note =         {See http://www.swiss.ai.mit.edu/projects/amorphous/paperlisting.html}
}
@article{cacm-amorphous-computing,
    AUTHOR = {H.~Abelson and D.~Allen and D.~Coore and C.~Hanson and E.~Rauch and G.~Sussman and R.~Weiss},
    TITLE = {{Amorphous Computing}},
    JOURNAL = {Communications of the ACM},
    VOLUME = {43},
    NUMBER = {5},
    MONTH = {May},
    YEAR = {2001}
}
@article{brookes,
    AUTHOR = {{R.~Brooks and P.~Ramanathan and A.~Sayeed}},
    TITLE = {{Distributed Target Tracking and Classification in Sensor Networks}},
    JOURNAL = {Proceedings of the IEEE},
    VOLUME = {},
    NUMBER = {},
    MONTH = {},
    YEAR = 2003,
        Note={Invited paper, submitted for publication}

}

@inproceedings{tinyos,
author = {J. Hill and R.~Szewczyk and A.~Woo and S.~Hollar and D.~Culler and K.~Pfister},
title = {{System Architecture Directions for Networked Sensors}},
booktitle = {{Architectural Support for Programming Languages and Operating Systems}},
year = {2000},
pages={93--104}
}

@inproceedings{brookes-vehicle,
author = {J.~Moore and T.~Keiser and R.~Brooks and S.~Phoha and D.~Friedlander and J.~Koch and A.~Reggio and N.~Jacobson},
title = {{Tracking Targets with Self-Organizing Distributed Ground Sensors}},
booktitle = {{IEEE Aerospace Conference}},
year = {2003},
note={To appear.}
}

@inproceedings{sensorsim,
author = {S. Park and A. Savvides and M. B. Srivastava},
title = {{SensorSim: A Simulation Framework for Sensor Networks}},
booktitle = {Proceedings of MSWiM},
year = {August 2000}
}
@inproceedings{Estrin99e,
    author = "Deborah Estrin and Ramesh Govindan and John Heidemann and Satish Kumar",
    title = "Next Century Challenges: Scalable Coordination in Sensor Networks",
    booktitle = "Proceedings of the {ACM/IEEE} International Conference on Mobile Computing and Networking",
    year = "1999",
    publisher = "{ACM}",
    address = "Seattle, Washington, USA",
    month = "August",
    pages = "263--270",
    url = "http://www.isi.edu/~johnh/PAPERS/Estrin99e.html",
    psurl = "http://www.isi.edu/~johnh/PAPERS/Estrin99e.ps.gz",
    pdfurl = "http://www.isi.edu/~johnh/PAPERS/Estrin99e.pdf",
    xorganization = "USC/Information Sciences Institute",
}

@inproceedings{katz2000,
    author = {J.~Kahn and R.~Katz and K.~Pfister},
    title = {Next Century Challenges: Mobile Networking for Smart Dust},
    booktitle = "Proceedings of the {ACM/IEEE} International Conference on Mobile Computing and Networking",
    year = "1999",
    publisher = {ACM},
    address = "Seattle, Washington, USA",
    month = "August"
}


@inproceedings{estrin-iccd-2002,
author = {L.~Girod and V.~Bychkovskiy and J.~Elson and D.~Estrin},
title = {{Locating Tiny Sensors in Time and Space: A Case Study}},
booktitle = {Proceedings of 2002 IEEE International Conference on Computer Design: VLSI in Computers and Processors},
year = {2002},
month={September}
}
@inproceedings{tinygals-sac-2003,
author = {E.~Cheong and J.~Liebman and J.~Liu and F.~Zhao},
title = {{TinyGALS: A Programming model for event-driven embedded systems}},
booktitle = {Proceedings of 2003 ACM Symposium on Applied Computing},
year = {2003}
}

@inproceedings{zhao-sensor-collab,
author = {F.~Zhao and J.~Shin and J.~Reich},
title = {{Information-Driven Dynamic Sensor Collaboration for Tracking Applications}},
booktitle = {IEEE Signal processing Magazine},
year = {2002},
month = {March}
}
@inproceedings{synch12,
author = {A.~Benveniste and P.~Caspi and S.~Edwards and N.~Halbwachs and P.~Le Guernic and R.~de Simone},
title = {{The Synchronous Languages 12 Years Later}},
booktitle = {Proceedings of the IEEE},
year = {2003},
month = {January},
volume = {91},
issue = {1}
}

@inproceedings{ cardelli99abstractions,
    author = "Luca Cardelli",
    title = "Abstractions for Mobile Computation",
    booktitle = "Secure Internet Programming",
    pages = "51-94",
    year = "1999",
    url = "citeseer.nj.nec.com/125645.html" }

@inproceedings{ieee-sal,
author = {F.~Zhao and C.~Baily-Kellogg and M.~Fromherz},
title = {{Physics-based Encapsulation in Embedded Software for Distributed Sensing and Control Applications}},
booktitle = {Proceedings of the IEEE},
year = {2003},
month = {January},
volume = {91},
issue = {1}
}

@misc{scadds,
title = {{SCADDS: Scalable Coordination Architectures for Deeply Distributed
Systems}},
note = {http://www.isi.edu/scadds/software/}
}

@misc{neto,
title = {{Neto - The Distributed Sensor Network Simulator}},
note = {http://www.nd.edu/~lpaul/dsn/netoman/}
}

@misc{uamps,
title = {{uAMPS Sensor Network Code Extensions for ns-2}},
note = {http://www\-mtl.mit.edu/research/icsystems/uamps/leach/leach\_code.html}
}

@misc{tossim,
title = {{Simulating TinyOS Networks using TOSSIM}},
note = {http://www.cs.berkeley.edu/~pal/research/tossim.html}
}

@inproceedings{magicweaver,
author = {S. Tolia and A. Joshi and T. Finin},
title = {{MagicWeaver: An Agent Based Simulation Framework For Wireless Sensor Networks}},
booktitle = {Proceedings of the Workshop on Ubiquitous Agents for Mobile,
Embedded and Wearable Devices, Bologna, Italy},
year = {2002},
note = {http://research.ebiquity.org/re/projects/magicweaver.html}
}

@inproceedings{Heidemann00,
author = {J. Heidemann and others},
title = {{Effects of Detail in Wireless Network Simulation}},
booktitle = {Proceedings of the SCS Communication Networks and Distributed Systems Modeling and Simulation Conference},
year = {September, 2000}
}

@inproceedings{glomosim,
title = {{GloMoSim: a Library for Parallel Simulation of Large-scale Wireless Networks}},
author = {X. Zeng and R. Bagrodia and M. Gerla},
booktitle = {{Proceedings of the 12th Workshop on Parallel and Distributed Simulations -- PADS '98}},
year = {May 1998}
}

@inproceedings{simplepower,
  author  = {W. Ye and N. Vijaykrishnan and M. Kandemir and M. J. Irwin},
  title   = {The Design and Use of SimplePower: A Cycle-Accurate Energy Estimation Tool},
  booktitle = {Proceedings of The 37th Design Automation Conference},
  year    = {2000},
  note = {http://www.cse.psu.edu/mdl}
}

@inproceedings{date02,
author = {I. Kadayif and M. Kandemir and N. Vijaykrishnan and M. J. Irwin and A. Sivasubramaniam},
title = {{EAC: A Compiler Framework for High-Level Energy Estimation and Optimization}},
booktitle = {{Proceedings of the International Conference on Design Automation and Test in Europe (DATE)}},
pages = {436-442},
year = {March 2002}
}

@article{dram-energy:tc,
    AUTHOR = {V. Delaluz and M. Kandemir and N. Vijaykrishnan and A. Sivasubramaniam and M. J. Irwin},
    TITLE = {{Hardware and Software Techniques for Controlling DRAM Power Modes}},
    JOURNAL = {IEEE Transactions on Computers},
    PAGES = {1154-1173},
    VOLUME = {50},
    NUMBER = {11},
    MONTH = {November},
    YEAR = {2001}
}

@inproceedings{vldb01,
author = {N. An and A. Sivasubramaniam and N. Vijaykrishnan and M. Kandemir and M.J. Irwin and S. Gurumurthi},
title = {{Analyzing Energy Behavior of Spatial Access Methods for Memory-Resident Data}},
booktitle = {{Proceedings of the 27th International Conference on Very Large Data Bases (VLDB 2001)}},
month = {September},
pages = {411-420},
year = {2001}
}

@inproceedings{ipdps03,
author = {S. Gurumurthi and N. An and A. Sivasubramaniam and N. Vijaykrishnan and M. Kandemir and M. J. Irwin},
title = {{Energy and Performance Considerations in Work Partitioning for Mobile Spatial Queries}},
booktitle = {{Proceedings of the International Parallel and Distributed Processing Symposium (IPDPS)}},
year = {April 2003}
}

@inproceedings{hpca02,
author = {S. Gurumurthi and A. Sivasubramaniam and M.J. Irwin and N. Vijaykrishnan and M. Kandemir and T. Li and L.K. John},
title = {{Using Complete Machine Simulation for Software Power Estimation: The SoftWatt Approach}},
booktitle = {Proceedings of the International Symposium on High Performance Computer Architecture (HPCA-8)},
pages = {141-150},
year = {February, 2002}
}

@inproceedings{ss03,
author = {C. L. Barrett and C. Engelhart and M. V. Marathe and A. Sivasubramaniam},
title = {{Approximate Connectivity Graph Generation in Mobile Ad Hoc Radio Networks}},
booktitle = {Proceedings of the 36th Annual Simulation Symposium},
year = {March 2003}
}

@inproceedings{metrics02-model,
AUTHOR = {M. Squillante and Y. Zhang and A. Sivasubramaniam and N. Gautam and H. Franke and J. Moreira},
TITLE = {{Modeling and Analysis of Dynamic Scheduling for Parallel and
        Distributed Environments}},
BOOKTITLE = {Proceedings of the ACM SIGMETRICS Conference},
PAGES = {43-54},
YEAR = {June 2002}
}

@inproceedings{hpca95,
    AUTHOR = {A. Sivasubramaniam and A. Singla and
          U. Ramachandran and H. Venkateswaran},
    TITLE = {Abstracting Network Characteristics and Locality Properties
         of Parallel Systems},
    BOOKTITLE = {Proceedings of the International Symposium on High Performance
            Computer Architecture (HPCA)},
    PAGES = {54-63},
    MONTH = {January},
    YEAR = {1995}
}


@inproceedings{ intanagonwiwat00directed,
    author = "Chalermek Intanagonwiwat and Ramesh Govindan and Deborah Estrin",
    title = "Directed diffusion: a scalable and robust communication paradigm for sensor networks",
    booktitle = "Mobile Computing and Networking",
    pages = "56-67",
    year = "2000",
    url = "citeseer.nj.nec.com/intanagonwiwat00directed.html" }


@inproceedings{ carlson98hybrid,
    author = "Bjorn Carlson and Vineet Gupta",
    title = "Hybrid cc with Interval Constraints",
    booktitle = "{HSCC}",
    pages = "80-95",
    year = "1998",
    url = "citeseer.nj.nec.com/article/carlson98hybrid.html" }

@inproceedings{ ieee-aerospace,
    author = "Douglas Bernard and Gregory Dorais and Chuck Fry and Edward Gamble and Bob Kanefsky and James Kurien and William Millar and Nicola Muscettola and Pandurang Nayak and Barney Pell and Kanna Rajan and Nicolas Rouquette and Benjamin Smith and Brian Williams",
    title = "Design of the Remote Agent Experiment for Spacecraft Autonomy",
    booktitle = "{Proceedings of the IEEE Aerospace}",
    year = "1998",
    url = "http://ic.arc.nasa.gov/ic/projects/mba/papers/ieee-aero.pdf" }

@article{immobots
 ,title="Immobile Robots: Artificial Intelligence in the New Millenium"
 ,author="Brian C.~Williams and P.~Pandurang Nayak"
 ,journal="AI Magazine"
 ,organisation="AAAI"
 ,year="1996"
,month="Fall"
 ,pages="16-35"
 ,volume="17"
 ,number=3
}

@article{constraint-retraction
,title="Constraint Retraction in CLP(FD): Formal Framework and Performance Results"
 ,author="Yan Georget and Philippe Codognet and Francesca Rossi"
 ,journal="Constraints"
 ,year="1999"
 ,pages="5-42"
 ,volume="4"
 ,number="1"
}

@article{mbc
 ,title="Model-based computing: Developing flexible machine control software"
 ,author="Markus P.J.~Fromherz and Vijay~Saraswat and Daniel G.~Bobrow"
 ,journal="Artificial Intelligence"
 ,year="1999"
 ,pages="157-202"
 ,month="October"
 ,volume="114"
 ,number="1-2"
}

@article{williams-ieee-rmpl
 ,title="Model-based Programming of Intelligent Embedded Systems and Robotic Space Explorers"
 ,author="Brian C.~Williams and Michael D.~Ingham and Seung H.~Chung and Paul H.~Elliott"
 ,journal="IEEE Proceedings"
 ,year="2003"
 ,month="forthcoming"
}

 @inproceedings{pencole-dx02
,author="Yannick Pencole and Marie-Odile Cordier and Laurence Roze"
,title="Incremental decentralized diagnosis approach for the supervision of a telecommunication network"
,booktitle="Proceedings of DX 02"
,year= "2002"
}


 @inproceedings{williams-hybrid-diag-dx02
,author="Michael Hofbaur and Brian C. Williams"
,title="Hybrid Diagnosis with Unknown Behavioral Modes"
,booktitle="Proceedings of DX 02"
,year= "2002"
}

@inproceedings{simmons-tdl
,author="Reid Simmons and David Apfelbaum"
,title="A task description language for robot control"
,booktitle="??"
,year= "1998"
,note="UR:: "
}

@inproceedings{nayak-backtofuture-aaai2000
,author="James Kurien and Pandurang Nayak"
,title="Back to the future for consistency-based Trajectory Tracking"
,booktitle="Proceedings of the National Conference on Artificial Intelligence"
,year= "2000"
,note="UR:: http://ic.arc.nasa.gov/ic/projects/mba/papers/aaai-2000.pdf"
}

@inproceedings{sheila-dx00
,author="Sheila McIlraith"
,title="Diagnosing Hybrid Systems: A Bayesian Model Selection Approach"
,booktitle="Proceedings of DX 2000"
,year= "2000"
,note="UR:: http://ic.arc.nasa.gov/ic/projects/mba/papers/aaai-2000.pdf"
}

@inproceedings{sheila-2000
,author="Sheila McIlraith and Gautam Biswas and Dan Clancy and Vineet Gupta"
,title="Hybrid Systems Diagnosis"
,booktitle="Proceedings of Hybrid Systems: Computation and Control Workshop"
,year= "2000"
,pages="282-295"
}

@inproceedings{sheila-dx99
,author="Sheila McIlraith and Gautam Biswas and Dan Clancy and Vineet Gupta"
,title="Towards diagnosing Hybrid Systems"
,booktitle="Proceedings of Tenth International Workshop  on Principles of Diagnosis (DX'99)"
,year= "1999"
,pages="193-203"
}


@inproceedings{livingstone
,author="Brian C.~Williams and P.~Pandurang Nayak"
,title="A Model-based Approach to Reactive Self-configuring Systems"
,booktitle="Proceedings of the National Conference on Artificial Intelligence"
,year= "1996"
,url="http://ic.arc.nasa.gov/ic/projects/mba/projects/livingstone.html"
,note="Introduces concurrent transition system modeling formalism"
}

@inproceedings{burton-ijcai97
,author="Brian C.~Williams and P.~Pandurang Nayak"
,title="A Reactive Planner for a Model-based Executive"
,booktitle="Proceedings of the International Joint Conference on Artificial Intelligence"
,year= "1997"
,note="Presents Burton, the Reactive Planner used with Livingstone."
}

@inproceedings{mode-est-ijcai01
,author="Brian C.~Williams and Seung Chung and Vineet Gupta"
,title="Mode Estimation of Model-based Programs"
,booktitle="Proceedings of the International Joint Conference on Artificial Intelligence"
,year= "2001"
}

@inproceedings{truth-maintenance-aaai90
,author="David A.~McAllester"
,title="Truth Maintenance"
,booktitle="Proceedings of the National Conference on Artificial Intelligence"
,year= "1990"
}


@inproceedings{itms
,author="P.~Pandurang Nayak and Brian C.~Williams"
,title="Fast Context Switching in Real-time Propositional Reasoning"
,booktitle="Proceedings of the National Conference on Artificial Intelligence"
,year= "1997"
,note="UR:: http://ic.arc.nasa.gov/ic/projects/mba/papers/aaai97.pdf"
}
@techreport{ cc-abduction
,author=" Philippe Codognet and Vijay Saraswat"
 ,title="Abduction in concurrent constraint programming"
 ,institution=" INRIA Technical Report"
 ,year=" 1992"
  ,month=" March"
}

@techreport{ rapper
,author="David Bell and Daniel Bobrow and Brian Falkenhainer and Markus Fromherz and Vijay Saraswat and Mark Shirley"
 ,title="RAPPER: The Copier Modeling Project"
 ,institution=" Xerox PARC"
 ,year=" 1994"
  ,month=" October"
 ,url="ftp://ftp.parc.xerox.com/ccp/rapper/rapper.ps"
}

@article{deKleer-ATMS
    ,author="deKleer, J."
    ,title="An assumption based {TMS}"
    ,journal="Artifical Intelligence"
    ,volume="28"
    ,year="1986"
    ,pages="127-162"
}
@article{dekleer-2
    ,author="deKleer, J."
    ,title="Extending the {ATMS}"
    ,journal="Artifical Intelligence"
    ,volume="28"
    ,year="1986"
    ,pages="163-196"
}
@article{dekleer-3
    ,author="deKleer, J."
    ,title="Problem solving with the {ATMS}"
    ,journal="Artifical Intelligence"
    ,volume="28"
    ,year="1986"
    ,pages="197-224"
}

@article{ccfd
    ,author="Pascal van Hentenryck and Yves Deville and Vijay~Saraswat"
    ,title="Design, implementation and evaluation of the constraint language {cc(FD)}"
    ,journal="Journal of Logic Programming"
    ,volume="37"
        ,number="1-3"
    ,year="1998"
    ,pages="139-164"
}

@book{kuipers
,title="Qualitative Reasoning: Modeling and Simulation with Incomplete Knowledge"
,author="Benjamin Kuipers"
,publisher="MIT Press"
,year=1994
}

@book{russell-book
,title="Artificial Intelligence: A Modern Approach"
,author="Stuart Russell and Peter Norvig"
,publisher="Addison Wesley"
,year={1995}
}

@book{my-thesis-book
,title={Concurrent Constraint Programming}
,author={V.~Saraswat}
,publisher="MIT Press"
,series={Doctoral Dissertation Award and Logic Programming}
,year=1993
}

@article{gde
    ,author="Johan de~Kleer and Brian C.~Williams"
    ,title="Diagnosing Multiple Faults"
    ,journal="Artifical Intelligence"
    ,volume="32"
    ,year="1987"
    ,pages="100-117"
}

@INBOOK{Tho97,
  author  =      {W. Thomas},
  title =        {Handbook of Formal Languages},
  chapter =      {Languages, automata, and logic},
  pages =        {389-455},
  publisher =    {Springer},
  year =         {1997},
  volume =       {III}
}

@INBOOK{berry,
  editor  =      {Gordon Plotkin and Colin Stirling and Mads Tote},
  title =        {Proof, Language and Interaction: Essays in Honour of Robin Milner},
  chapter =      {The Foundations of Esterel},
  pages =        {425-454},
  publisher =    {MIT Press},
  series = {Foundations of Computing},
  year =         {2000},
}

@Article{hcc-foundations,
  title =        "Computing with continuous change",
  author =       " Vineet Gupta and Radha Jagadeesan and Vijay Saraswat",
  pages =        "3--49",
  journal =      "Science of Computer Programming",
  month =        jan,
  year =         "1998",
  volume =       "30",
  number =       "1--2"
}


@InProceedings{Var85,
  author={M. Vardi},
  title={Automatic verification of probabilistic concurrent finite-state programs},
  booktitle={Proc. FOCS},
  year={1985}
}

@InProceedings{Prism,
  author={M. Kwiatkowska and G. Norman and D. Parker},
  title={Probabilistic Symbolic Model Checking with {PRISM}: A Hybrid Approach},
  booktitle={Proc. 8th International Conference on Tools and Algorithms for the Construction and Analysis of Systems (TACAS'02)},
  year={2002},
 editor={J.-P. Katoen and P. Stevens},
 pages={52--66},
 publisher={Springer}, series={LNCS},
 volume={2280}
}

@InProceedings{Clarke-Prob,
  author={V. Hartonas-Garmhausen and S. Campos and E. Clarke},
  title={ProbVerus: probabilistic symbolic model checking},
  booktitle={ARTS 99},
  year=1999
}

@InProceedings{ASW94,
  author={H.R. Andersen and C. Stirling and G. Winskel},
  title={A compositional proof-system for the modal-$\mu$ calculus},
  booktitle={Proceedings of LICS 94},
  note = {BRICS Report Series RS 94-34},
  year =1994
}

@Article{HKN+02,
author={H. Hermanns and M. Kwiatkowska and G. Norman and D. Parker and M. Siegle},
title={On the use of {MTBDD}s for Performability Analysis and Verification of Stochastic Systems},
journal={Journal of Logic and Algebraic Programming: Special Issue on Probabilistic Techniques for the Design and Analysis of Systems},
year={2002},
note={To appear}
}

@InProceedings{pcc-popl99,
  author =       "Vineet Gupta and Radha Jagadeesan and Prakash Panangaden",
  title =        "Stochastic processes as concurrent constraint
                 programs",
  booktitle =    "{POPL} '99. Proceedings of the 26th {ACM}
                 {SIGPLAN}-{SIGACT} on Principles of programming
                 languages, January 20--22, 1999, San Antonio, {TX}",
  publisher =    "ACM Press",
  address =      "New York, NY, USA",
  year =         "1999",
  pages =        "189--202",
}

@InProceedings{popl91,
  author =       "Vijay Saraswat and Prakash Panangaden and Martin Rinard",
  title =        "Semantics of concurrent constraint programming",
  booktitle =    "{POPL} '91. Proceedings of the 18th {ACM}
                 {SIGPLAN}-{SIGACT} on Principles of programming
                 languages",
  publisher =    "ACM Press",
  address =      "New York, NY, USA",
  year =         "1991",
}

@InProceedings{janus,
  author =       "Vijay Saraswat and Kenneth Kahn and Jacob Levy",
  title =        "{\sf Janus}: A step towards distributed constraint programming",
  booktitle =    "North American Logic Programming Conference",
  year =         "1990",
  month =         "October"
}
@InProceedings{akl,
  author =       "Seif Haridi and Sverker Jansson",
  title =        "Kernel Andorra Prolog and its Computation Model",
  booktitle =    "Logic Programming: Proceedings of the Seventh International Conference",

  publisher =    "MIT Press",
  year =         "1990",
}

@InProceedings{cccc,
  author =       "V.~Saraswat",
  title =        "The {C}ategory of {C}onstraint {S}ystems is {C}artesian {C}losed",
  booktitle =    "{LICS} '92",
  year =         "1992",
  pages = "341--345"
}

@Article{tdcc-jsc,
  author =       "V.~Saraswat and R.~Jagadeesan and V.~Gupta",
  title =        "Timed Default Concurrent Constraint Programming",
  journal =      "Journal of Symbolic Computation",
  volume =       "22",
  number =       "5--6",
  pages =        "475--520",
  month =        nov # "--" # dec,
  year =         "1996",
  note="Extended abstract appeared in the {\em Proceedings of
the 22nd ACM Symposium on Principles of Programming Languages}, San
Francisco, January 1995"
}


@InProceedings{pcc-concur97,
  title =        "Probabilistic Concurrent Constraint Programming",
  author =       "Vineet Gupta and Radha Jagadeesan and Vijay Saraswat",
  pages =        "243--257",
  booktitle =    "CONCUR~'97: Concurrency Theory, 8th International
                 Conference",
  editor =       "Antoni Mazurkiewicz and J{\'o}zef Winkowski",
  address =      "Warsaw, Poland",
  month =        "1--4~" # jul,
  year =         "1997",
  series =       "Lecture Notes in Computer Science",
  volume =       "1243",
  publisher =    "Springer-Verlag"
}


@Article{catuscia-ntcc,
author={Mogens Nielsen and Catuscia Palamidessi and Frank Valencia},
title={Temporal Concurrent Constraint Programming: Denotation, Logic and Applications},
journal={Nordic Journal of Computing},
year={2002},
volume={9},
pages={145-188}
}

@BOOK{Marca,
  author =       {W. J. Stewart},
  title =        {Introduction to the Numerical Solution of Markov Chains},
  publisher =    {Princeton University Press},
  year =         {1994}
}

@BOOK{bond-graph,
  author =       {R.C.~Rosenberg and D.~Karnopp},
  title =        {Introduction to Physical System Dynamics},
  publisher =    {McGraw-Hill},
  year =         {1983}
}

@InProceedings{XSB,
  author={Baoqiu Cui and Yifei Dong and Xiaoqun Du and K. Narayan Kumac and C.R. Ramakrishnan and I.V. Ramakrishnan and Abhik Roychoudhury and Scott A. Smolka and David S. Warren},
  title={ Logic Programming and Model Checking},
  booktitle={Proc. PLIP/ALP},
  year={1998}
}


@InProceedings{CL01,
  author={Marie-Odile Cordier and Christine Largouet},
  title={Using Model-Checking Techniques for Diagnosing Discrete-Event Systems},
  booktitle={Proceedings of the Twelve International Workshop on Principles of diagnosis (DX'01)},
  year={2001}
}

@InProceedings{ williams-rmpl
,author="Michael Ingham and Robert Ragno and Brian Williams"
 ,title="A Reactive Model-based Programming Language for Robotic Space Explorers"
 ,booktitle="Proceedings of the International Symposium on Artificial Intelligence, Robotics and Automation in Space"
 ,year=" 2001"
 ,month="June"
,url="http://www.ai.mit.edu/people/williams/papers/isairas01_rmpl.pdf"
}

@inproceedings{aercam
,author=    "Lars Alenius and Vineet Gupta"
,title=     "Modeling an {AERC}am: A case study in modeling with concurrent constraint languages"
,booktitle= "CP'98 Workshop on Modeling and Computation in the Concurrent Constraint Languages"
,year=      1998
,month=     "October"
}

@InProceedings{rover-ans99,
   author=   "Adam Sweet and Ted Blackmon and Vineet Gupta.",
   title=    "Simulation of a Rover and Display in a Virtual Environment",
   year=      "1999",
   month=     "April",
   booktitle= "Proceedings of the American Nuclear Society 8th International
       Topical Meeting on Robotics and Remote Systems"
}

@InProceedings{hcc-modbio,
   title=   "Using hybrid concurrent constraint programmint to model dynamic biological systems",
   author=    "Alexander Bockmayr and Arnaud Courtois",
   year=      "2002",
   month=     "July",
   booktitle= "Proceedings of the Eighteenth International Conference on Logic Programming, ICLP'02",
   series="Springer, LNCS 2401"
}


@inproceedings{paperpath
,author=" Vineet Gupta and Peter Struss"
,title="Modeling a copier paper path"
,year=" 1995"
,month=" May"
,booktitle=" Proceedings of the 9th Workshop on Qualitative Reasoning"
}
@inproceedings{newpaperpath
,author=" Vineet Gupta and Vijay Saraswat and Peter Struss"
,title="A model of a photocopier paper path"
,year=" 1995"
,month=" August"
,booktitle=" Proceedings of the 2nd IJCAI Workshop on Engineering
Problems for Qualitative Reasoning"
}


@inproceedings{progg-htcc
,author=" Vineet Gupta and Radha Jagadeesan and Vijay Saraswat  and Daniel Bobrow"
,title="Programming in hybrid constraint languages"
,year=" 1995"
,month=" November"
,booktitle=" Hybrid Systems II "
,editor="Panos Antsaklis and Wolf Kohn and Anil Nerode and Sankar Sastry"
,volume = 999
,series = "Lecture Notes in Computer Science"
,publisher="Springer Verlag"
}

@InProceedings{hcc-automata,
  author =       "Vineet Gupta and Radha Jagadeesan and Vijay Saraswat",
  title =        "Hybrid cc, hybrid automata, and program verification",
  booktitle =    " Hybrid Systems III ",
  editor=        "Alur and Henzinger and Sontag",
  series =       "Lecture Notes in Computer Science",
  volume =       "1066",
  pages =        "52--63",
  year =         "1996",
  publisher=     "Springer Verlag"
}

@inproceedings{GameAbstraction,
    author = "Thomas A. Henzinger and Rupak Majumdar and F.Y.C. Mang and J.-F. Raskin",
    title = "Abstract Interpretation of Game Properties",
    booktitle = "Seventh International Static Analysis Symposium (SAS)",
    volume = "1824",
    publisher = "Springer-Verlag",
    pages = "220--239",
    year = "2000"
}

@inproceedings{AlternatingRefinement,
    author = "Rajeev Alur and Thomas A. Henzinger and Orna Kupferman and Moshe Y. Vardi",
    title = "Alternating Refinement Relations",
    booktitle = "Ninth International Conference on Concurrency Theory (CONCUR)",
    volume = "1466",
    publisher = "Springer-Verlag",
    pages = "163-178",
    year = "1998"
}
@InProceedings{cousot77,
  author = "P. Cousot and R. Cousot",
  title = {Abstract interpretation: a unified lattice model for static
           analysis of programs},
  booktitle = "Proc. 4th ACM Symp. on Principles of Programming Languages",
  year = 1977,
  pages = "238-252",
  publisher = "ACM Press"
}

@inproceedings{cousot2000,
   author =    {P. Cousot and R. Cousot},
   title =     {Temporal Abstract Interpretation},
   pages =     {12--25},
   booktitle = {Conference Record of the 27th Annual ACM
                SIGPLAN-SIGACT Symposium on Principles of Programming
                Languages},
   address =   {Boston, Mass{.}},
   publisher = {ACM Press, New York, NY},
   month =     jan,
   year =      2000,
     }
@InProceedings{larsen89b,
  author =   {K. G. Larsen},
  title =    {Modal {S}pecifications},
  booktitle =    {Automatic Verification Methods for Finite State Systems},
  editor =   {J. Sifakis},
  number =   407,
  series =   {Lecture Notes in Computer Science},
  year =     1989,
  publisher =    {Springer Verlag},
  month =    {June 12--14},
  pages =    {232--246},
  note =     {International Workshop, Grenoble, France}
}

@Article{ZGL97,
author={Enea Zaffanella and Roberto Giacobazzi and Giorgio Levi},
title={Abstracting Synchronization in Concurrent Constraint Programming},
journal={The Journal of Functional and Logic Programming},
year={1997}
}

@inproceedings{AlternatingTemporal,
    author = "Rajeev Alur and Thomas A. Henzinger and Orna Kupferman",
    title = "Alternating-time Temporal Logic",
    booktitle = "38th Annual Symposium on Foundations of Computer Science (FOCS)",
    publisher = "IEEE Computer Society Press",
    year = "1997"
}

@inproceedings{HybridPredicate,
    author = "Ashish Tewari and Gaurav Khanna",
    title = "Series of Abstractions for Hybrid Automata",
    booktitle = "Hybrid Systems, Computation and Control ",
    volume = "2289",
    year = "2002"
}

@UNPUBLISHED{HybridBioVer,
  author =       "Ashish Tiwari and P. Lincoln",
  title =        "Automated Techniques for Stability Analysis of Delta-Notch Lateral Inhibition Mechanism",
  note =         {In preparation, see www.csl.sri.com}
}

@article{loiseaux95property,
    author = "C. Loiseaux and S. Graf and J. Sifakis and A. Bouajjani and S. Bensalem",
    title = "Property Preserving Abstractions for the Verification of Concurrent Systems",
    journal = "Formal Methods in System Design: An International Journal",
    volume = "6",
    number = "1",
    month = "January",
    publisher = "Kluwer Academic Publishers",
    pages = "11--44",
    year = "1995"
}


@inproceedings{bensalem98computing,
    author = "Saddek Bensalem and Yassine Lakhnech and Sam Owre",
    title = "Computing Abstractions of Infinite State Systems Compositionally and Automatically",
    booktitle = "Computer-Aided Verification, {CAV} '98",
    volume = "1427",
    publisher = "Springer-Verlag",
    address = "Vancouver, Canada",
    editor = "Alan J. Hu and Moshe Y. Vardi",
    pages = "319--331",
    year = "1998",
    url = "citeseer.nj.nec.com/bensalem98computing.html"
}

@InProceedings{ShankarSaidi99,
  author = "H. Saidi and N. Shankar",
  title = {Abstract and Model Check while you Prove},
  booktitle = "Proc. of the 11th Conference on Computer-Aided Verification ",
  year = 1999,
  series = "Lecture Notes in Computer Science",
  number={1633},
  pages = "443--454",
  publisher = "Springer"
}

@InProceedings{graf97,
  author =   {S. Graf and H. Saidi},
  title =    {Construction of abstract state graphs with {P}{V}{S}},
  booktitle =    {Conference on Computer Aided Verification},
  pages =    {72--83},
  year =     1997,
  editor =   {O., Grumberg},
  volume =   1254,
  series =   {Lecture Notes in Computer Science},
  address =  {Haifa, Israel},
  month =    {June}
}

@PhdThesis{clancy97,
  author =   {D. J. Clancy},
  title =    {Solving Complexity and Ambiguity Problems within Qualitative Simulation},
  school =   {The University of Texas at Austin},
  year =     1997,
  month =    {December}
}
@InProceedings{visser00,
  author =   {W. Visser and S. J. Park and J. Penix},
  title =    {Using predicate abstraction to reduce object-oriented programs for model checking},
  booktitle =    {Formal Methods in Software Practice Proceedings of FMSP'00
on Formal methods in software practice},
  pages =    {3--12},
  year =     2000,
  address =  {Portland, Oregon},
  month =    {August}
}

@InProceedings{das99,
  author =   {S. Das and D. L. Dill and S. Park},
  title =    {Experience with {P}redicate {A}straction},
  booktitle =    {Proc.\ of the 11th International Conference on Computer-Aided Verification},
  editor =   {N. Halbwachs and D. Peled},
  pages =    {160--172},
  year =     1999,
  address =  {Trento, Italy},
  month =    {July},
  publisher =    {Springer Verlag}
}
@InProceedings{bandera00,
  author =   {J. C. Corbett and M. B. Dwyer and J. Hatcliff and S. Laubach and C. S. Pasareanu and Robby and Hongjun Zheng},
  title =    {Bandera: {E}xtracting {F}inite-state {M}odels from {J}ava {S}ource {C}ode},
  booktitle =    {Proceedings of the 22nd Intl' Conference on Software Engineering},
  year =     2000,
  month =    {June}
}

@InProceedings{bandera01,
  author =   {M. B. Dwyer and J. Hatcliff and R. Joehanes and S. Laubach and C. S. Pasareanu and Robby and W. Visser and H. Zheng},
  title =    {Tool-supported {P}rogram {A}bstraction for {F}inite-state {V}erification},
  booktitle =    {Proceedings of the 23nd Intl' Conference on Software Engineering},
  year =     2001,
  month =    {May},
  note =     {To appear}
}

@InProceedings{ball00a,
  author =   {T. Ball and A. Podelski and S. K. Rajamani},
  title =    {Boolean and {C}artesian {A}bstraction for {M}odel {C}hecking {C} {P}rograms},
  booktitle =    {Proceedings of TACAS'2001},
  year =     2001,
  note =     {MSR Technical Report 2000-115. To appear}
}

@InProceedings{zhao-ijcai2001,
  author =   {Feng Zhao and Xenofon Koutsoukos and Horst Haussecker and James Reich and Patrick Cheung},
  title =    {Distributed Monitoring of Hybrid Systems: A Model-directed approach},
  booktitle =    {Proceedings of IJCAI'2001},
  year =     2001,
}

@InProceedings{biswas-aaai2000,
  author =   {U.~Lerner and R.~Parr and D.~Koller and G.~Biswas},
  title =    {Bayesian fault detection and diagnosis in dynamic systems},
  booktitle =    {Proceedings of National Conference on Artificial Intelligence},
  year =     2000,
}

@InProceedings{mosterman-tcg-aaai1997,
  author =   {P.~Mosterman and G.~Biswas},
  title =    {Monitoring, Prediction and Fault Isolation in Dynamic Physical Systems},
  booktitle =    {Proceedings of National Conference on Artificial Intelligence},
  year =     1997,
}


@inproceedings{ pecheur00from,
    author = "Charles Pecheur and Reid G. Simmons",
    title = "From Livingstone to {SMV}",
    booktitle = "{FAABS}",
    pages = "103--113",
    year = "2000",
    url = "citeseer.nj.nec.com/pecheur00from.html" }

@inproceedings{ constraint-net,
    author = "Alan Mackworth",
    title = "Constraint-based Agents: The ABC's of CBA's",
   booktitle = {Proceedings of Principles and Practice of Constraint Programming},
    year = "2000"
}


@article{catusciaCompositional,
    author = "F.S.~de Boer and M.~Gabbrielli and E.~Marchiori and C.~Palamidessi",
    title = "Proving Concurrent Constraint Programs Correct.",
    journal = "TOPLAS",
    volume = "19",
    number = "15",
    month = "January",
    publisher = "ACM",
    year = "1997",
    pages="685--726",
    note="Earlier version appeared in POPL '94"
}


 @inproceedings{pueblo-UI
  ,author="Mark Shirley and Vickie~O'Day and Daniel~Bobrow"
  ,title="The Social-Technical Design Circle"
  ,booktitle= "Proceedings of the Conference on Computer-Supported Cooperative Work"
  ,year= "1996"
}


@INBOOK{eureka,
  editor  =      {T.~Wakayama and S.~Kannapan and C.~Khoong and S.~Navathe and J.~Yates},
  chapter =        {Dynamic Documents and Situated Processes: Building on local knowledge in field service},
  title =      {Information and Process Integration in Enterprises: Rethinking Documents},
  publisher =    {Kluwer Academic Publishers},
  year =         {1997}
}

@InProceedings{oopslaedu,
  author =       {C. Colby and R. Jagadeesan and K. L\"{a}uf
er and C. N. Sekharan},
  title =        {Interaction, Concurrency, and OOP in the Curriculum: a
Sophomore Course},
  booktitle =    {Proceedings of the 1998 OOPSLA Educators Workshop},
  year =         1998
}

@InProceedings{cp00,
author = {V.~Gupta and L.~J.~Jagadeesan and R.~Jagadeesan and X.~Jiang and K.~L{\"{a}}ufer },
title = {A constraint based framework for prototyping distributed virtual applications},
booktitle = {Proceedings of the 2000 Workshop on Constraint Programming},
publisher = "Springer-Verlag",
series = "Lecture Notes in Computer Science",
year = 2000,
volume = 1894
}


@InProceedings{coots98,
  author =       {C.~Colby and L.~J.~Jagadeesan and R.~Jagadeesan and K.~L{\"{a}
}ufer and C.~Puchol},
  title =        {Objects and Concurrency in {\tt Triveni}: A Telecommunication Case Stu
dy in {J}ava},
  booktitle =    {Proceedings of the Fourth USENIX Conference on Object Oriented
 Technologies and Systems},
  year =         1998
}



@ARTICLE{ijst00,
  author =       "T. Ball and C. Colby and P. Danielsen and  L. J. Jagadeesan and R. Jagadeesan and K. Laufer and P. Mataga and K. Rehor",
  title =        "SISL-- Several interfaces, Single Logic",
  journal =      "International Journal of Speech Technology",
  year =         "2000",
  volume =       3,
  number  =2,
  note =         "Kluwer Publishers"
}



@InProceedings{iccl98,
  author =       {C. Colby and L. J. Jagadeesan and R. Jagadeesan and K. L{\"{a}
}ufer and C. Puchol},
  title =        {Design and Implementation of {Triveni}:
A Process-algebraic {API} for Threads + Events},
  booktitle =    {Proceedings of the IEEE International Conference on Computer L
anguages},
  year =         1998,
  publisher =    {IEEE Computer Press},
}

@techreport{ ibm-ac
,author="Paul Horn"
 ,title="The State of Information Technology"
 ,institution="IBM Research"
 ,year=" 2001"
  ,month=" October"
  ,note="Presented at AGENDA 2001"
 ,url="http://www.research.ibm.com/autonomic/manifesto/agenda2001_p1.html"
}

@article{reiter-diag-aij
 ,title="A theory of diagnosis from first principles"
 ,author="Ray Reiter"
 ,journal="Artificial Intelligence"
 ,year="1987"
 ,pages="57-95"
 ,volume="32"
}

@techreport{ modelica
,author="Modelica Association"
 ,title="Modelica -- A Unified Object-oriented language for physical systems modeling"
 ,institution=" Modelica Association"
 ,year="2002"
  ,month="July"
 ,url="http://www.modelica.org/documents/ModelicaSpec20.pdf"
}

@Article{truecc-tcs,
  author =       "V.~Gupta and R.~Jagadeesan and V.~Saraswat",
  title =        "Truly Concurrent Constraint Programming",
  journal =      "Theoretical Computer Science",
  volume =       "278",
  number =       "1--2",
  pages =        "223--255",
  month =        may,
  year =         "2002",
  note="Extended abstract appeared in the {\em Proceedings of
CONCUR 96: The 7th International Conference on Concurrency Theory},
Pisa, August 1996"
}

    year = "2000"
}



@Article{pascal-siam,
  author =       "M.~Janssen and P.~van Hentenryck and Y.~Deville",
  title =        "A contraint satisfaction approach for enclosing solutions to parametric ordinary differential equations",
  journal =      "SIM Journal of Numerical Analysis",
  volume =       "To appear",
  year =         "2003",
  url = "http://www.cs.brown.edu/people/pvh/"
}

@InProceedings{doyle-TMS,
  author =       {Jon Doyle},
  title =        {The Ins and outs of Reason Maintenance},
  booktitle =    {Proceedings of IJCAI},
  year =         1983,
}

@InProceedings{ltms,
  author =       {David McAllester},
  title =        {Truth Maintenance},
  booktitle =    {Proceedings of the National Conference on Artificial Intelligence},
  year =         1990,
}

@inproceedings{ncm03,
        Address = {Warsaw, Poland},
        Author = {Nathaniel Nystrom and Michael R. Clarkson and Andrew C. Myers},
        Booktitle = {Compiler Construction, 12th International Conference, CC 2003},
        Editor = {G{\"o}rel Hedin},
        Month = apr,
        Number = 2622,
        Pages = {138--152},
        Publisher = SV,
        Series = lncs,
        Title = {Polyglot: An Extensible Compiler Framework for {J}ava},
        Year = 2003}

@inproceedings{polyj,
  title = "Parameterized Types and {Java}",
  author = "Joseph A. Bank and Barbara Liskov and Andrew C. Myers",
  booktitle = "Proceedings of the 24th {A}nnual {ACM} Symposium on Principles of Programming Languages ({POPL}'97)",
  pages = "132--145",
  location = "Paris, France",
  year = 1997
}

@book{scala-spec,
    author = {Odersky, Martin and Spoon, Lex and Venners, Bill},
    citeulike-article-id = {8786701},
    citeulike-linkout-0 = {http://www.amazon.ca/exec/obidos/redirect?tag=citeulike09-20\&amp;path=ASIN/0981531644},
    citeulike-linkout-1 = {http://www.amazon.de/exec/obidos/redirect?tag=citeulike01-21\&amp;path=ASIN/0981531644},
    citeulike-linkout-2 = {http://www.amazon.fr/exec/obidos/redirect?tag=citeulike06-21\&amp;path=ASIN/0981531644},
    citeulike-linkout-3 = {http://www.amazon.jp/exec/obidos/ASIN/0981531644},
    citeulike-linkout-4 = {http://www.amazon.co.uk/exec/obidos/ASIN/0981531644/citeulike00-21},
    citeulike-linkout-5 = {http://www.amazon.com/exec/obidos/redirect?tag=citeulike07-20\&path=ASIN/0981531644},
    citeulike-linkout-6 = {http://www.worldcat.org/isbn/0981531644},
    citeulike-linkout-7 = {http://books.google.com/books?vid=ISBN0981531644},
    citeulike-linkout-8 = {http://www.amazon.com/gp/search?keywords=0981531644\&index=books\&linkCode=qs},
    citeulike-linkout-9 = {http://www.librarything.com/isbn/0981531644},
    day = {04},
    edition = {2},
    howpublished = {Paperback},
    isbn = {0981531644},
    keywords = {scala},
    month = jan,
    posted-at = {2011-02-10 08:51:27},
    priority = {2},
    publisher = {Artima Inc},
    title = {{Programming in Scala}},
    url = {http://www.worldcat.org/isbn/0981531644},
    year = {2011}
}

