
@inproceedings{XinQi:2009,
 author = {Qi, Xin and Myers, Andrew C.},
 title = {Masked types for sound object initialization},
 booktitle = {Proceedings of the 36th annual ACM SIGPLAN-SIGACT symposium on Principles of programming languages},
 series = {POPL'09},
 year = {2009},
 isbn = {978-1-60558-379-2},
 location = {Savannah, GA, USA},
 pages = {53--65},
 numpages = {13},
 url = {http://doi.acm.org/10.1145/1480881.1480890},
 doi = {http://doi.acm.org/10.1145/1480881.1480890},
 acmid = {1480890},
 publisher = {ACM},
 address = {New York, NY, USA},
 keywords = {conditional masks, cyclic data structures, data abstraction, invariants, null pointer exceptions},
} 

 @inproceedings{Fahndrich:2007:EOI:1297027.1297052,
 author = {F\"{a}hndrich, Manuel and Xia, Songtao},
 title = {Establishing object invariants with delayed types},
 booktitle = {Proceedings of the 22nd annual ACM SIGPLAN conference on Object-oriented programming systems and applications},
 series = {OOPSLA'07},
 year = {2007},
 isbn = {978-1-59593-786-5},
 location = {Montreal, Quebec, Canada},
 pages = {337--350},
 numpages = {14},
 url = {http://doi.acm.org/10.1145/1297027.1297052},
 doi = {http://doi.acm.org/10.1145/1297027.1297052},
 acmid = {1297052},
 publisher = {ACM},
 address = {New York, NY, USA},
 keywords = {initialization, non-null types, object invariants},
} 
@inproceedings{Fahndrich:2003:DCN:949305.949332,
 author = {F\"{a}hndrich, Manuel and Leino, K. Rustan M.},
 title = {Declaring and checking non-null types in an object-oriented language},
 booktitle = {Proceedings of the 18th annual ACM SIGPLAN conference on Object-oriented programing, systems, languages, and applications},
 series = {OOPSLA'03},
 year = {2003},
 isbn = {1-58113-712-5},
 location = {Anaheim, California, USA},
 pages = {302--312},
 numpages = {11},
 url = {http://doi.acm.org/10.1145/949305.949332},
 doi = {http://doi.acm.org/10.1145/949305.949332},
 acmid = {949332},
 publisher = {ACM},
 address = {New York, NY, USA},
 keywords = {Java, c\#, non-null types, null references, type system},
} 



@inproceedings{Zibin:2010:OIG:1869459.1869509,
 author = {Zibin, Yoav and Potanin, Alex and Li, Paley and Ali, Mahmood and Ernst, Michael D.},
 title = {Ownership and immutability in generic Java},
 booktitle = {Proceedings of the ACM international conference on Object oriented programming systems languages and applications},
 series = {OOPSLA'10},
 year = {2010},
 isbn = {978-1-4503-0203-6},
 location = {Reno/Tahoe, Nevada, USA},
 pages = {598--617},
 numpages = {20},
 url = {http://doi.acm.org/10.1145/1869459.1869509},
 doi = {http://doi.acm.org/10.1145/1869459.1869509},
 acmid = {1869509},
 publisher = {ACM},
 address = {New York, NY, USA},
 keywords = {immutability, java, ownership},
} 
@inproceedings{Gil:2009:WRS:1615184.1615216,
 author = {Gil, Joseph (Yossi) and Shragai, Tali},
 title = {Are We Ready for a Safer Construction Environment?},
 booktitle = {Proceedings of the 23rd European Conference on ECOOP 2009 --- Object-Oriented Programming},
 series = {ECOOP'09},
 year = {2009},
 isbn = {978-3-642-03012-3},
 location = {Italy},
 pages = {495--519},
 numpages = {25},
 url = {http://dx.doi.org/10.1007/978-3-642-03013-0_23},
 doi = {http://dx.doi.org/10.1007/978-3-642-03013-0_23},
 acmid = {1615216},
 publisher = {Springer-Verlag},
 address = {Berlin, Heidelberg},
} 

@inproceedings{Hubert:2010:ESO:1888881.1888890,
 author = {Hubert, Laurent and Jensen, Thomas and Monfort, Vincent and Pichardie, David},
 title = {Enforcing secure object initialization in java},
 booktitle = {Proceedings of the 15th European conference on Research in computer security},
 series = {ESORICS'10},
 year = {2010},
 isbn = {3-642-15496-4, 978-3-642-15496-6},
 location = {Athens, Greece},
 pages = {101--115},
 numpages = {15},
 url = {http://portal.acm.org/citation.cfm?id=1888881.1888890},
 acmid = {1888890},
 publisher = {Springer-Verlag},
 address = {Berlin, Heidelberg},
} 

@inproceedings{Dean:1996,
 author = {D. Dean and E.W. Felten and D.S.Wallach},
 title = {Java Security: From HotJava to Netscape and Beyond},
 booktitle = {IEEE Symposium on Security and Privacy},
 year = {1996},
 isbn = {978-3-642-03012-3},
 location = {Oakland, California},
 pages = {190--200},
 numpages = {10},
 month = may,
} 

@inproceedings{Matsakis:2010:TTS:1869459.1869511,
 author = {Matsakis, Nicholas D. and Gross, Thomas R.},
 title = {A time-aware type system for data-race protection and guaranteed initialization},
 booktitle = {Proceedings of the ACM international conference on Object oriented programming systems languages and applications},
 series = {OOPSLA'10},
 year = {2010},
 isbn = {978-1-4503-0203-6},
 location = {Reno/Tahoe, Nevada, USA},
 pages = {634--651},
 numpages = {18},
 url = {http://doi.acm.org/10.1145/1869459.1869511},
 doi = {http://doi.acm.org/10.1145/1869459.1869511},
 acmid = {1869511},
 publisher = {ACM},
 address = {New York, NY, USA},
 keywords = {data race, intervals, time-based properties, type systems},
} 

@article{Seo:2007:SBD:1522565.1522587,
 author = {Seo, Sunae and Kim, Youil and Kang, Hyun-Goo and Han, Taisook},
 title = {A Static Bug Detector for Uninitialized Field References in Java Programs},
 journal = {IEICE - Trans. Inf. Syst.},
 volume = {E90-D},
 issue = {10},
 month = {October},
 year = {2007},
 issn = {0916-8532},
 pages = {1663--1671},
 numpages = {9},
 url = {http://portal.acm.org/citation.cfm?id=1522565.1522587},
 doi = {10.1093/ietisy/e90-d.10.1663},
 acmid = {1522587},
 publisher = {Oxford University Press},
 address = {Oxford, UK},
 keywords = {Java object initialization, program analysis, safety, software verification},
} 


@Misc{JSR133,
  author =       "William Pugh",
  title =        "{JSR} 133: \textsc{Java} Memory Model and Thread Specification Revision",
  howpublished = "\url{http://jcp.org/en/jsr/detail?id=133}",
  month =        sep # "~30,",
  year =         2004,
}

@inproceedings{Gil:1998:CTA:646155.679689,
 author = {Gil, Joseph and Itai, Alon},
 title = {The Complexity of Type Analysis of Object Oriented Programs},
 booktitle = {Proceedings of the 12th European Conference on Object-Oriented Programming},
 year = {1998},
 isbn = {3-540-64737-6},
 pages = {601--634},
 numpages = {34},
 url = {http://portal.acm.org/citation.cfm?id=646155.679689},
 acmid = {679689},
 publisher = {Springer-Verlag},
 address = {London, UK},
} 
