@phdthesis{meyer-diss,
  title={Design and analysis of sequential and parallel single-source
    shortest-paths algorithms},
  author={Ulrich Meyer},
  year={2002},
  school={Universit\"at Saarbr\"ucken},
}

@inproceedings{Santos:2006,
 author = {Eunice E. Santos and Long Pan and Dustin Arendt and Morgan Pittkin},
 title = {{An Effective Anytime Anywhere Parallel Approach for Centrality
Measurements in Social Network Analysis}},
  booktitle = {IEEE International Conference on Systems, Man, and Cybernetics},
  pages = {4693--4698},
  year =  2006,
  month = {october},
}

@inproceedings{Madduri:2009,
 author = {Madduri, Kamesh and Ediger, David and Jiang, Karl and Bader, David
A. and Chavarria-Miranda, Daniel},
 title = {A faster parallel algorithm and efficient multithreaded
implementations for evaluating betweenness centrality on massive datasets},
 booktitle = {IPDPS '09: Proceedings of the 2009 IEEE International Symposium
on Parallel\&Distributed Processing},
 year = {2009},
 isbn = {978-1-4244-3751-1},
 pages = {1--8},
 doi = {http://dx.doi.org/10.1109/IPDPS.2009.5161100},
 publisher = {IEEE Computer Society},
 address = {Washington, DC, USA},
}


@article{floyd62,
 author = {Floyd,, Robert W.},
 title = {Algorithm 97: Shortest path},
 journal = {Commun. ACM},
 volume = {5},
 number = {6},
 year = {1962},
 issn = {0001-0782},
 pages = {345},
 doi = {http://doi.acm.org/10.1145/367766.368168},
 publisher = {ACM},
 address = {New York, NY, USA},
}

@article{warshall62,
 author = {Warshall, Stephen},
 title = {A Theorem on Boolean Matrices},
 journal = {J. ACM},
 volume = {9},
 number = {1},
 year = {1962},
 issn = {0004-5411},
 pages = {11--12},
 doi = {http://doi.acm.org/10.1145/321105.321107},
 publisher = {ACM},
 address = {New York, NY, USA},
}

@Article{Val90,
   author =   "Leslie G. Valiant",
   title =   "{A bridging model for parallel computation}",
  journal = {Commun. ACM},
  volume = {33},
  number = {8},
  year = {1990},
  issn = {0001-0782},
  pages = "103-111",
  publisher = {ACM Press},
}  

@Article{LogGP95,
   author =   "Albert Alexandrov and Mihai F. Ionescu and Klaus E.  Schauser and Chris Scheiman",
   title =   "{LogGP: Incorporating Long Messages into the LogP Model}",
  journal = "Journal of Par. and Distrib. Computing",
  volume = "44",
  number = "1",
  pages = "71-79",
  year = "1995",
  url = "citeseer.ist.psu.edu/article/alexandrov95loggp.html"
}

@InProceedings{Chakrabarti04:Recursive,
  author =       {D Chakrabarti and Y Zhan and C Faloutsos},
  title =        {{R-MAT}: A Recursive Model for Graph Mining},
  booktitle = {International Conference on Data Mining},
  pages = {442--446},
  year =      2004,
  month =     {April}
}

@Article{brandes01:_mathsoc,
  author =       {Ulrik Brandes},
  title =        {A Faster Algorithm for Betweenness Centrality},
  journal =      {Journal of Mathematical Sociology},
  year =         2001,
  volume =    25,
  number =    2,
  pages =     {163--177}
}

@InProceedings{Bader07:ApproxBC,
  author = {Bader, D.A. and Kintali, S. and Madduri, K. and Mihail, M.},
  title = {Approximating betweenness centrality},
  booktitle = {Algorithms and Models for the Web-Graph},
  year = {2007},
  series = {LNCS},
  volume = {4863},
  pages = {124--137},
  publisher = {Springer-Verlag}
}

@Manual{boost,
  title	       = {Boost {C++} {L}ibraries},
  organization = {Boost},
  note	       = {\url{http://www.boost.org/}}
}

@Unpublished{ParallelBGL,
  author =    {Douglas Gregor and Nick Edmonds and Alex Breuer and Peter Gottschling and Brian Barrett and Andrew Lumsdaine},
  title =     {The {P}arallel {B}oost {G}raph {L}ibrary},
  note =      {\texttt{http://www.osl.iu.edu/research/pbgl}},
  year =      2005
}

@article{Meyer03:DeltaStepping,
 author = {U. Meyer and P. Sanders},
 title = {{$\Delta$}-stepping: A parallelizable shortest path algorithm},
 journal = {J. Algorithms},
 volume = {49},
 number = {1},
 year = {2003},
 issn = {0196-6774},
 pages = {114--152},
 doi = {http://dx.doi.org/10.1016/S0196-6774(03)00076-2},
 publisher = {Academic Press, Inc.},
 address = {Duluth, MN, USA},
 }

@book{Bollobas01:random_graphs,
  author = {B. Bollobas},
  editor = {W. Fulton and A. Katok and F. Kirwan and P. Sarnak and B. Simon and B. Totaro},
  publisher = {Cambridge University Press},
  title = {Random Graphs},
  year = 2001,
}

@InProceedings{CrauserMehlhornMeyerSSSP98,
  author = 	 {Andreas Crauser and Kurt Mehlhorn and Ulrich Meyer and Peter Sanders},
  title = 	 {A Parallelization of {D}ijkstra's Shortest Path Algorithm},
  booktitle = 	 {Mathematical Foundations of Computer Science},
  pages =	 {722--731},
  year =	 1998,
  volume =	 1450,
  series =	 {LNCS},
  publisher =	 {Springer},
  keywords =     {Single-source shortest paths, CRCW, PRAM},
  pdf =          {PAPERS/CrauserMehlhornMeyerSSSP98.pdf}
}

@Book{clr90,
  author       = {T.H. Cormen and C.E. Leiserson and R.L. Rivest},
  title	       = {Introduction to Algorithms},
  publisher    = {McGraw-Hill},
  year	       = 1990
}

@inproceedings{Miller85,
  author = {Miller, Gary L. and Reif, John H.},
  title = {Parallel tree contraction and its application},
  booktitle = {Symposium on Foundations of Computer Science},
  year = {1985},
  isbn = {0-8186-0844-4},
  pages = {478--489},
  doi = {http://dx.doi.org/10.1109/SFCS.1985.43},
  publisher = {IEEE},
  address = {Washington, DC, USA},
}

@article{Blondel07,
  author = {Vincent D. Blondel and Jean-Loup Guillaume and Julien M. Hendrickx and Rapha\"{e}l M. Jungers},
  title = "Distance distribution in random graphs and application to network exploration",
  journal = {Physical Review E},
  number = {066101},
  volume = {76},
  year = "2007"
}

@article{Hassin85,
  author = {Refael Hassin and Eitan Zemel}, 
  title = "On Shortest Paths in Graphs with Random Weights",
  journal = {Math. of Op. Research},
  volume = "10",
  number = "4",
  month = "November",
  year = "1985",
  pages = {557--564}
}

@Article{dijkstra59,
  author       = {E.W. Dijkstra},
  title	       = {A note on two problems in connexion with graphs},
  journal      = {Numerische Mathematik},
  year	       = 1959,
  volume       = 1,
  pages	       = {269-271}
}

@Article{bellman58,
  author       = {Richard Bellman},
  title	       = {On a routing problem},
  journal      = {Quarterly of Applied Mathematics},
  year	       = 1958,
  volume       = 16,
  number       = 1,
  pages	       = {87-90}
}

@inproceedings{Yang05,
  author = {Yang, Qiaofeng and Lonardi, Stefano},
  title = {A Parallel Algorithm for Clustering Protein-Protein Interaction Networks},
  booktitle = {Computational Systems Bioinformatics Conference -- Workshops},
  year = {2005},
  isbn = {0-7695-2442-7},
  pages = {174--177},
  doi = {http://dx.doi.org/10.1109/CSBW.2005.13},
  publisher = {IEEE Computer Society},
  address = {Washington, DC, USA},
}

@inproceedings{Bader06:centrality,
  author = {David A. Bader and Kamesh Madduri},
  title = {Parallel Algorithms for Evaluating Centrality Indices in Real-world Networks},
  booktitle = {Intl. Conf. on Parallel Processing},
  year = {2006},
  isbn = {0-7695-2636-5},
  pages = {539--550},
  doi = {http://dx.doi.org/10.1109/ICPP.2006.57},
  @publisher = {IEEE},
  address = {Washington, DC},
}

@InProceedings{Kumar91,
  author = {Vipin Kumar and Vineet Singh},
  title = {Scalability of parallel algorithms for the all-pairs shortest path problem},
  booktitle = {Intl. Conf. on Parallel Processing},
  year = {1991},
  pages = {124--138}
}

@InProceedings{Jenq87,
  author = {{Jing-fu} Jenq and Sartaj Sahni},
  title = {All Pairs Shortest Paths on a Hypercube Multiprocessor}, 
  booktitle = {Intl. Conf. on Parallel Processing},
  year = {1987}, 
  pages = {713--716}
}

@InProceedings{edmonds06:dimacs,
  author = 	 {Nick Edmonds and Alex Breuer and Douglas Gregor and Andrew Lumsdaine},
  title = 	 {Single-Source Shortest Paths with the {P}arallel {B}oost {G}raph {L}ibrary},
  booktitle =	 {The Ninth {DIMACS} Implementation Challenge: The Shortest Path Problem},
  year =	 2006,
  address =	 {Piscataway, NJ},
  month =	 {November}
}

@InProceedings{Madduri07:ALEXNEX,
  author = {K. Madduri and D.A. Bader and J.W. Berry and J.R. Crobak}, 
  title = {An Experimental Study of A Parallel Shortest Path Algorithm for Solving Large-Scale Graph Instances},
  booktitle = {Workshop on Algorithm Engineering and Experiments (ALENEX)},
  address = {New Orleans, LA}, 
  month = {January},
  year = {2007}
}

@Book{jaja92:intro_parallel_alg,
  author       = {Joseph J\'a{J}\'a},
  title	       = {An Introduction to Parallel Algorithms},
  publisher    = {Addison-Wesley Professional},
  year	       = 1992
}

@article{Freeman77,
  author = {Freeman, Linton  C. },
  journal = {Sociometry},
  month = {March},
  number = {1},
  pages = {35--41},
  publisher = {American Sociological Association},
  title = {A Set of Measures of Centrality Based on Betweenness},
  volume = {40},
  year = {1977}
}

@Techreport{Anthonisse71,
  author = "J.M. Anthonisse",
  title = "The rush in a directed graph",
  institution = {Stichting Mathematisch Centrum, Amsterdam},
  number = "BN9/71",
  year = "1971",
}

@Article{Sabidussi66,
  author = 	 {Gert Sabidussi},
  title = 	 {The centrality index of a graph},
  journal = 	 {Psychometrika},
  year = 	 1966,
  volume =	 31,
  number =	 4,
  pages =	 {581--603},
  month =	 {December},
  publisher =    {Springer New York}
}

@article{Frieze85,
  author = {Frieze, A. and Grimmett, G.},
  title = "The shortest-path problem for graphs with random arc-lengths",
  journal = "Discrete App. Math.",
  volume = "10",
  pages = {57--77},
  year = "1985"
}

@Article{JohnsonSSSP77,
  author = {Donald B. Johnson},
  title = {Efficient Algorithms for Shortest Paths in Sparse Networks},
  journal = {Journal of the {ACM}},
  volume = {24},
  number = {1},
  year = {1977},
  issn = {0004-5411},
  pages = {1--13},
  publisher = {ACM Press},
  keywords = {Single-source shortest paths},
  pdf = {PAPERS/JohnsonSSSP77.pdf}
}

@inproceedings{edmonds-hipc-2010,
author={N. Edmonds and T. Hoefler and A. Lumsdaine},
title={{A Space-Efficient Parallel Algorithm for Computing Betweenness
        Centrality in Distributed Memory}},
year={2010},
month={December},
note={Accepted at the 2010 International Conference on High Performance Computing (HiPC'10)},
source={http://www.unixer.de/~htor/publications/},
}

@phdthesis{buluc-2010,
 author={Aydin Buluc},
 title={{Linear Algebraic Primitives for Computation on Large Graphs}},
 publisher={University of California, Santa Barbara}
}

@article{batagelj-1994,
 title={{Semirings for socal network analysis}},
 author={V. Batagelj},
 journal={Journal of Mathematical Society},
 volume={19},
 number={1},
 pages={53--68}
}
 
@Book{Aho-1974,
  title={{Data Structures and Algorithms}},
  year={1974},
  author={A.V. Aho and J.E. Hopcroft and J.D. Ullman},
  publisher={Addison-Wesley}
}

@misc{ssca_matlab,
	title = {{HPC Graph Analysis Benchmarks}},
  author = {D. Bader and J. Gilbert and J. Kepner and K. Madduri},
	note = {\url{http://www.graphanalysis.org/benchmark}},
}

@article{virat_sc_2010,
  author = {Virat Agarwal and Fabrizio Petrini and Davide Pasetto and David A. Bader},
  title = {{Scalable Graph Exploration on Multicore Processors}},
  journal ={SC Conference},
  volume = {0},
  isbn = {978-1-4244-7559-9},
  year = {2010},
  pages = {1-11},
  doi = {http://doi.ieeecomputersociety.org/10.1109/SC.2010.46},
  publisher = {IEEE Computer Society},
  address = {Los Alamitos, CA, USA},
}
