@article{976097,
 author = {Darren J. Kerbyson and Adolfy Hoisie and Shawn D. Pautz},
 title = {Performance modeling of deterministic transport computations},
 book = {Performance analysis and grid computing},
 year = {2004},
 isbn = {1-4020-7693-2},
 pages = {21--39},
 publisher = {Kluwer Academic Publishers},
 address = {Norwell, MA, USA},
 }
@article{nieplocha96global,
    author = "J.~Nieplocha and R.~J.~Harrison and R.~J.~Littlefield",
    title = "Global Arrays: {A} Nonuniform Memory Access Programming Model for High-Performance Computers",
    journal = "The Journal of Supercomputing",
    volume = "10",
    number = "2",
    pages = "169--189",
    year = "1996",
    url = "citeseer.ist.psu.edu/7969.html" }
@article{radha-games,
  author    = {S.~Abramsky and
               R.~Jagadeesan and
               P.~Malacaria},
  title     = {Full Abstraction for PCF.},
  journal   = {Inf. Comput.},
  volume    = {163},
  number    = {2},
  year      = {2000},
  pages     = {409-470},
  bibsource = {DBLP, http://dblp.uni-trier.de}
}

@article{hyland-games,
  author    = {J. M. E. Hyland and
               C.-H. Luke Ong},
  title     = {On Full Abstraction for PCF: I, II, and III.},
  journal   = {Inf. Comput.},
  volume    = {163},
  number    = {2},
  year      = {2000},
  pages     = {285-408},
  bibsource = {DBLP, http://dblp.uni-trier.de}
}

@article{jade,
 author = {M.~C.~Rinard and D.~J.~Scales and M.~S.~Lam},
 title = {Jade: A High-Level, Machine-Independent Language for Parallel Programming},
 journal = {Computer},
 volume = {26},
 number = {6},
 year = {1993},
 issn = {0018-9162},
 pages = {28--38},
 doi = {http://dx.doi.org/10.1109/2.214440},
 publisher = {IEEE Computer Society Press},
 address = {Los Alamitos, CA, USA},
 }
@inproceedings{hybrid-race,
 author = {R.~O'Callahan and J.-D.~Choi},
 title = {Hybrid dynamic data race detection},
 booktitle = {PPoPP '03: Proceedings of the ninth ACM SIGPLAN symposium on Principles and practice of parallel programming},
 year = {2003},
 isbn = {1-58113-588-2},
 pages = {167--178},
 location = {San Diego, California, USA},
 doi = {http://doi.acm.org/10.1145/781498.781528},
 publisher = {ACM Press},
 address = {New York, NY, USA},
 }
@inproceedings{race-pldi02,
 author = {J.-D.~Choi and K.~Lee and A.~Loginov and R.~O'Callahan and V.~Sarkar and M.~Sridharan},
 title = {Efficient and precise datarace detection for multithreaded object-oriented programs},
 booktitle = {PLDI '02: Proceedings of the ACM SIGPLAN 2002 Conference on Programming language design and implementation},
 year = {2002},
 isbn = {1-58113-463-0},
 pages = {258--269},
 location = {Berlin, Germany},
 doi = {http://doi.acm.org/10.1145/512529.512560},
 publisher = {ACM Press},
 address = {New York, NY, USA},
 }
@inproceedings{ vonpraun01object,
    author = "C.~von Praun and T.~Gross",
    title = "Object Race Detection",
    booktitle = "Conference on Object-Oriented",
    pages = "70-82",
    year = "2001",
    url = "citeseer.ist.psu.edu/vonpraun01object.html" }

@inproceedings{guava,
 author = {D.~Bacon and R.~Strom and A.~Tarafdar},
 title = {Guava: a dialect of Java without data races},
 booktitle = {OOPSLA '00: Proceedings of the 15th ACM SIGPLAN conference on Object-oriented programming, systems, languages, and applications},
 year = {2000},
 isbn = {1-58113-200-X},
 pages = {382--400},
 location = {Minneapolis, Minnesota, United States},
 doi = {http://doi.acm.org/10.1145/353171.353197},
 publisher = {ACM Press},
 address = {New York, NY, USA},
 }
@article{schonberg,
 author = {E.~Schonberg},
 title = {On-the-fly detection of access anomalies},
 journal = {SIGPLAN Not.},
 volume = {39},
 number = {4},
 year = {2004},
 issn = {0362-1340},
 pages = {313--327},
 doi = {http://doi.acm.org/10.1145/989393.989426},
 publisher = {ACM Press},
 address = {New York, NY, USA},
 }
@phdthesis{ocallahan-thesis,
 author = {R.~O'Callahan},
 note = {Co-Chair-Jeannette Wing and Co-Chair-Daniel Jackson},
 title = {Generalized aliasing as a basis for program analysis tools},
 year = {2001},
 isbn = {0-493-65350-3},
 order_no = {AAI3051029}},
 }
@inproceedings{whaley-escape,
 author = {J.~Whaley and M.~Rinard},
 title = {Compositional pointer and escape analysis for Java programs},
 booktitle = {OOPSLA '99: Proceedings of the 14th ACM SIGPLAN conference on Object-oriented programming, systems, languages, and applications},
 year = {1999},
 isbn = {1-58113-238-7},
 pages = {187--206},
 location = {Denver, Colorado, United States},
 doi = {http://doi.acm.org/10.1145/320384.320400},
 publisher = {ACM Press},
 address = {New York, NY, USA},
 }
@inproceedings{Cilk-lock-race,
 author = {G.-I~Cheng and M.~Feng and C.~Leiserson and K.~Randall and A.~Stark},
 title = {Detecting data races in Cilk programs that use locks},
 booktitle = {SPAA '98: Proceedings of the tenth annual ACM symposium on Parallel algorithms and architectures},
 year = {1998},
 isbn = {0-89791-989-0},
 pages = {298--309},
 location = {Puerto Vallarta, Mexico},
 doi = {http://doi.acm.org/10.1145/277651.277696},
 publisher = {ACM Press},
 address = {New York, NY, USA},
 }
@inproceedings{ Cilk-race,
    author = "M.~Feng and C.~Leiserson",
    title = "Efficient Detection of Determinacy Races in Cilk Programs",
    booktitle = "{ACM} Symposium on Parallel Algorithms and Architectures",
    pages = "1-11",
    year = "1997",
    url = "citeseer.ist.psu.edu/feng97efficient.html" }

@article{ tcc,
    author = "V. Saraswat and R. Jagadeesan and V. Gupta",
    title = "Timed Default Concurrent Constraint Programming",
    journal = "Journal of Symbolic Computation",
    volume = "22",
    number = "5/6",
    pages = "475-520",
    year = "1996",
    url = "citeseer.ist.psu.edu/saraswat96timed.html" }
@Inproceedings{wave,
  author = {E. Christopher Lewis and L.~Snyder},
  title = {{P}ipelining {W}avefront {C}omptuations: {E}xperiences and {P}erformance},
  year = {2000},
  month = {May},
  booktitle = {{P}roceedings of the 5th {I}nternational {W}orkshop on {H}igh-level {P}arallel {P}rogramming {M}odels and {S}upportive {E}nvironments}
}

@Inproceedings{jmc2,
  author = {C.~Coarfa and Y.~Dotsenko and J.~Mellor-Crummey},
  authorURLs = {  and   and http://lacsi.rice.edu/Members/johnmc},
  title = {Experiences With Sweep3D Implementations In Co-Array Fortran},
  year = {2004},
  URL = {http://lacsi.rice.edu/workspace/lacsidownloads/publications/LACSI2004pap116.pdf?action=download},
  booktitle = {Proceedings of the LACSI Symposium},
  publisher = {Los Alamos Computer Institute},
  address = {Los Alamos, NM},
  note = {Published on CD-ROM.}
}

@inproceedings{782854,
 author = {X.~Fang and J.~Lee and S.~P.~Midkiff},
 title = {Automatic fence insertion for shared memory multiprocessing},
 booktitle = {ICS '03: Proceedings of the 17th annual international conference on Supercomputing},
 year = {2003},
 isbn = {1-58113-733-8},
 pages = {285--294},
 location = {San Francisco, CA, USA},
 doi = {http://doi.acm.org/10.1145/782814.782854},
 publisher = {ACM Press},
 address = {New York, NY, USA},
 }

@article{Compiler-MM,
 author="S.P.~Midkiff and J.~Lee and D.A.~Padua",
 title="A compiler for multiple memory models",
 journal="Concurrency and {C}omputation:{P}ractice and {E}xperience",
 volume={16},
 issue={2--3},
 pages={197--220}
}

@misc{ pechtchanski02immutability,
  author = "I.~Pechtchanski and V.~Sarkar",
  title = "Immutability specification and its applications",
  text = "I. Pechtchanski and V. Sarkar. Immutability specification and its applications.
    In Joint ACM-ISCOPE Java Grande Conference, pages 202--211, Seattle, WA,
    Nov. 3--5, 2002.",
  year = "2002",
  url = "citeseer.ist.psu.edu/pechtchanski02immutability.html" }


@inproceedings{parallelSCC1,
 author = {L.~Fleischer and B.~Hendrickson and A.~Pinar},
 title = {On Identifying Strongly Connected Components in Parallel},
 booktitle = {IPDPS '00: Proceedings of the 15 IPDPS 2000 Workshops on Parallel and Distributed Processing},
 year = {2000},
 isbn = {3-540-67442-X},
 pages = {505--511},
 publisher = {Springer-Verlag},
 address = {London, UK},
 }


@inproceedings{parallelSCC2,
 author = {W.~Mclendon~III and B.~Hendrickson and S.~Plimpton and L.~Rauchwerger},
 title = {Finding strongly connected components in parallel in particle transport sweeps},
 booktitle = {SPAA '01: Proceedings of the thirteenth annual ACM symposium on Parallel algorithms and architectures},
 year = {2001},
 isbn = {1-58113-409-6},
 pages = {328--329},
 location = {Crete Island, Greece},
 doi = {http://doi.acm.org/10.1145/378580.378751},
 publisher = {ACM Press},
 address = {New York, NY, USA},
 }

@Article{Hogg92-Geneva,
  author =       "J.~Hogg and D.~Lea and A.~Wills and D.~deChampeaux and R.~Holt",
  title =        "The Geneva Convention on the Treatment of Object Aliasing",
  journal =      "{OOPS M}essenger",
  volume =       "3",
  number =       "2",
  month =        apr,
  year =         "1992",
}

@InProceedings{Aldrich02-OOPSLA,
  author =       "J.~Aldrich and V.~Kostadinov and C.~Chambers",
  title =        "Alias Annotations for Program Understanding",
  booktitle =    "Proceedings of the Conference on Object-Oriented Programming, Systems, Languages, and
                 Applications ({OOPSLA}'02)",
  month =        nov,
  year =         "2002",
  pages =        "311--330"
}

@Conference{Boyapati03-POPL,
  author =      "C.~Boyapati and B.~Liskov and L.~Shira",
  title =       "Ownership Types for Object Encapsulation",
  booktitle =   "Proceedings of the Symposium on Principles of Programming
                 Languages (POPL'03)",
  pages =        "213--223",
  month =        jun,
  year =         "2003",
}

@Article{Boyland01-SPE,
  author =       "J.~Boyland",
  title =        "Alias burying: Unique variables without destructive reads",
  journal =      "Software Practice and Experience",
  volume =       "31",
  number =       "6",
  pages =        "533--553",
  month =        may,
  year =         "2001",
}

@InProceedings{ChanetAl-ICSE98,
  author = "E.~C.~Chan and J.~T.~Boyland and W.~L.~Scherlis",
  title = "Promises: Limited Specifications for Analysis and Manipulation",
  booktitle = "Proceedings of the International Conference on Software Engineering (ICSE'98)",
  year =         "1998",
  pages =        "167-176",
  month =        apr, 
}

@InProceedings{Boyapati02-OOPSLA,
  title =        "Ownership types for safe programming: preventing data races and deadlocks",
  author =       "C.~Boyapati and R.~Lee and M.~Rinard", 
  pages =        "211--230",
  booktitle =    "Proceedings of the Conference on
                 Object-Oriented Programming, Systems, Languages, and
                 Applications ({OOPSLA}'02)",
  month =        nov,
  year =         "2002",
}


@InProceedings{Nishiyama04-VM,
  author =       "H.~Nishiyama",
  title =        "Detecting Data Races Using Dynamic Escape Analysis Based on Read Barrier",
  pages =        "127--138",
  booktitle =    "Proceedings of the Virtual Machine Research and Technology Symposium ({VM'04})",
  month =        may,
  year =         "2004",
}

@InProceedings{Choi99-OOPSLA,
  title =        "Escape Analysis for {J}ava",
  author =       "J.~Choi and M.~Gupta and M.~ Serrano and
                 V.~Sreedhar and S.~Midkiff",
  pages =        "1--19",
  booktitle =    "Proc.
                 Object-Oriented Programming, Systems, Languages, and
                 Applications ({OOPSLA}'99)",
  publisher =    "ACM Press",
  month =        nov,
  year =         "1999",
} 
@Article{NetzerMiller92,
  key =          "Netzer \& Miller",
  author =       "R.~Netzer and B.~Miller",
  title =        "What are Race conditions? {S}ome Issues and
                 Formalizations",
  journal =      "ACM Letters on Programming Languages and Systems",
  year =         "1992",
  month =        mar,
  volume =       "1",
  number =       "1",
  pages =        "74--88",
}
@InProceedings{EmrathPadua89-WPDD,
  author =       "P.~A.~Emrath and D.~A.~Padua",
  title =        "Automatic Detection of Nondeterminacy in Parallel
                 Programs",
  booktitle =    "Proc.~of the ACM Workshop on Parallel and Distributed
                 Debugging",
  pages =        "89--99",
  address =      "Madison, Wisconsin",
  month =        jan,
  year =         "1989",
  comment =         "CSRD TR\#717 may 88 dec. 87Published as Proc.~of the
                 ACM Workshop on Parallel and Distributed Debugging ACM
                 SIGPLAN Notices, volume 24, number 1",
}
@PhdThesis{Park95:Thesis,
  author = "T.~M.~Parks",
  title  = "Bounded Scheduling of Process Networks",
  school =  "University of California at Berekeley",
  year   = "1995",
}

@inproceedings{Steele90,
 author = {G.~ L. {Steele, Jr.}},
 title = {Making asynchronous parallelism safe for the world},
 booktitle = {POPL '90: Proceedings of the 17th ACM SIGPLAN-SIGACT symposium on Principles of programming languages},
 year = {1990},
 isbn = {0-89791-343-4},
 pages = {218--231},
 location = {San Francisco, California, United States},
 doi = {http://doi.acm.org/10.1145/96709.96731},
 publisher = {ACM Press},
 address = {New York, NY, USA},
 }
@INBOOK{pottier-book-chapter,
  author  =      {F. Pottier and D. Re'my},
  chapter =        {The Essence of ML Type Inference},
  title =      {Advanced Topics in Types and Programming Languages},
  publisher =    {MIT Press},
  year =         {2004}
}

@inproceedings{X10-concur05,
 author = {V.~Saraswat and R.~Jagadeesan},
 title = {Concurrent Clustered Programming},
 booktitle = {Concur '05},
 year = {2005}
 }

@inproceedings{lerner-popl05,
 author = {Sorin Lerner and Todd Millstein and Erika Rice and Craig Chambers},
 title = {Automated soundness proofs for dataflow analyses and transformations via local rules},
 booktitle = {POPL '05: Proceedings of the 32nd ACM SIGPLAN-SIGACT symposium on Principles of programming languages},
 year = {2005},
 isbn = {1-58113-830-X},
 pages = {364--377},
 location = {Long Beach, California, USA},
 doi = {http://doi.acm.org/10.1145/1040305.1040335},
 publisher = {ACM Press},
 address = {New York, NY, USA},
 }

@inproceedings{ haridi90kernel,
    author = "Haridi, S. and Janson, S.",
    title = "Kernel Andorra {P}rolog and its Computation Model",
    booktitle = "Proceedings of the Seventh International Conference on Logic Programming",
    publisher = "The MIT Press",
    address = "Jerusalem",
    editor = "David H. D. Warren and Peter Szeredi",
    pages = "31--46",
    year = "1990",
    url = "citeseer.ist.psu.edu/haridi92kernel.html" }

@book{palsberg-book,
 author = {Jens Palsberg and Michael I. Schwartzbach},
 title = {Object-oriented type systems},
 year = {1994},
 isbn = {0-471-94128-X},
 publisher = {John Wiley and Sons Ltd.},
 address = {Chichester, UK, UK},
 }
@misc{teyjus-distribution,
  title = "The {T}eyjus distribution of $\lambda${P}rolog",
  note = "Available from http://teyjus.cs.umn.edu" 
}

@inproceedings{Shankar92,
  author="Natarajan Shankar",
  title="Proof Search in the Intuitionistic Sequent Calculus",
  booktitle="Automated Deduction -- CADE-11",
  publisher="Springer Verlag",
  series="Lecture Notes in Computer Science",
  number=607,
  pages="522--536",
  editor="Deepak Kapur",
  month = "June",
  year = "1992"}

@article{Church40,
        Author = "Church, Alonzo",
	Title = "A Formulation of the Simple Theory of Types",
        Journal = "Journal of Symbolic Logic",
        Volume = "5",
        Pages = "56--68",
        Year = "1940"}

@InProceedings(MN87slp,
	author = "Dale Miller and Gopalan Nadathur",
	title = "A Logic Programming Approach to Manipulating Formulas
		 and Programs",
	Booktitle="IEEE Symposium on Logic Programming",
  Editor="Seif Haridi",
  Pages="379--388",
	Month="September",
        publisher="IEEE Computer Society Press",
	year = 1987)

@article{dyckhoff92,
    author = "Roy Dyckhoff",
    title = "Contraction-free sequent calculi for intuitionistic logic",
    journal = "The Journal of Symbolic Logic",
    Volume="57",
    Number="3",
    month = "September",
    year = "1992"
}

@InProceedings(NM99cade,
  Author="Gopalan Nadathur and Dustin J. Mitchell",
  Title="System Description: Teyjus---A Compiler and Abstract Machine 
         Based Implementation of $\lambda${P}rolog",
  Editor = "Harald Ganzinger",
  Booktitle="Automated Deduction--{CADE}-16",
  Publisher="Springer-Verlag",
  series="Lecture Notes in Artificial Intelligence",
  number = 1632,
  Pages = "287--291",
  Month="July",
  Year=1999)

@article(MNPS91,
  author = "Dale Miller and Gopalan Nadathur and Frank Pfenning and
            Andre Scedrov",
  title ="Uniform Proofs as a Foundation for Logic Programming",
  journal = "Annals of Pure and Applied Logic",
  year = "1991",
  volume="51",
  pages="125--157")

@INPROCEEDINGS{PE88pldi,
	AUTHOR = "Frank Pfenning and Conal Elliott",
	TITLE = "Higher-Order Abstract Syntax",
	BOOKTITLE = "Proceedings of the {ACM}-{SIGPLAN} Conference on
		     Programming Language Design and Implementation",
        Pages = "199--208",
        Publisher = "{ACM} Press",
        Month = "June",
	YEAR = 1988}

@article{NadathurM90,
  author    = {Gopalan Nadathur and
               Dale Miller},
  title     = {Higher-Order Horn Clauses},
  journal   = {J. ACM},
  volume    = {37},
  number    = {4},
  year      = {1990},
  pages     = {777-814},
  ee        = {http://doi.acm.org/10.1145/96559.96570},
  bibsource = {DBLP, http://dblp.uni-trier.de}
}
@inproceedings{warren-xsb,
 author = {Steven Dawson and C. R. Ramakrishnan and David S. Warren},
 title = {Practical program analysis using general purpose logic programming systems: a case study},
 booktitle = {PLDI '96: Proceedings of the ACM SIGPLAN 1996 conference on Programming language design and implementation},
 year = {1996},
 isbn = {0-89791-795-2},
 pages = {117--126},
 location = {Philadelphia, Pennsylvania, United States},
 doi = {http://doi.acm.org/10.1145/231379.231399},
 publisher = {ACM Press},
 address = {New York, NY, USA},
 }
@article{aiken-analysis,
 author = {Alexander Aiken},
 title = {Introduction to set constraint-based program analysis},
 journal = {Sci. Comput. Program.},
 volume = {35},
 number = {2-3},
 year = {1999},
 issn = {0167-6423},
 pages = {79--111},
 doi = {http://dx.doi.org/10.1016/S0167-6423(99)00007-6},
 publisher = {Elsevier North-Holland, Inc.},
 address = {Amsterdam, The Netherlands, The Netherlands},
 }
@inproceedings{Heintze94,
 author = {Nevin Heintze},
 title = {Set-based analysis of ML programs},
 booktitle = {LFP '94: Proceedings of the 1994 ACM conference on LISP and functional programming},
 year = {1994},
 isbn = {0-89791-643-3},
 pages = {306--317},
 location = {Orlando, Florida, United States},
 doi = {http://doi.acm.org.ezproxy2.lib.depaul.edu/10.1145/182409.182495},
 publisher = {ACM Press},
 address = {New York, NY, USA},
 }

@phdthesis{HeintzeThesis,
 author = {Nevin Charles Heintze},
 title = {Set based program analysis},
 year = {1992},
 order_no = {UMI Order No. GAX93-22866},
 school = {Carnegie Mellon University},
 address = {Pittsburgh, PA, USA},
 }


@article{Pugh98,
 author = {William Pugh and David Wonnacott},
 title = {Constraint-based array dependence analysis},
 journal = {ACM Trans. Program. Lang. Syst.},
 volume = {20},
 number = {3},
 year = {1998},
 issn = {0164-0925},
 pages = {635--678},
 doi = {http://doi.acm.org.ezproxy2.lib.depaul.edu/10.1145/291889.291900},
 publisher = {ACM Press},
 address = {New York, NY, USA},
 }


@inproceedings{Ryder01,
 author = {Atanas Rountev and Ana Milanova and Barbara G. Ryder},
 title = {Points-to analysis for Java using annotated constraints},
 booktitle = {OOPSLA '01: Proceedings of the 16th ACM SIGPLAN conference on Object oriented programming, systems, languages, and applications},
 year = {2001},
 isbn = {1-58113-335-9},
 pages = {43--55},
 location = {Tampa Bay, FL, USA},
 doi = {http://doi.acm.org.ezproxy2.lib.depaul.edu/10.1145/504282.504286},
 publisher = {ACM Press},
 address = {New York, NY, USA},
 }

@inproceedings{Warren96,
 author = {Steven Dawson and C. R. Ramakrishnan and David S. Warren},
 title = {Practical program analysis using general purpose logic programming systems\Âa case study},
 booktitle = {PLDI '96: Proceedings of the ACM SIGPLAN 1996 conference on Programming language design and implementation},
 year = {1996},
 isbn = {0-89791-795-2},
 pages = {117--126},
 location = {Philadelphia, Pennsylvania, United States},
 doi = {http://doi.acm.org.ezproxy2.lib.depaul.edu/10.1145/231379.231399},
 publisher = {ACM Press},
 address = {New York, NY, USA},
 }

@inproceedings{Palsberg94,
 author = {Jens Palsberg},
 title = {Global Program Analysis in Constraint Form},
 booktitle = {CAAP '94: Proceedings of the 19th International Colloquium on Trees in Algebra and Programming},
 year = {1994},
 isbn = {3-540-57879-X},
 pages = {276--290},
 publisher = {Springer-Verlag},
 address = {London, UK},
 }

@article{Palsberg95,
 author = {Jens Palsberg},
 title = {Closure analysis in constraint form},
 journal = {ACM Trans. Program. Lang. Syst.},
 volume = {17},
 number = {1},
 year = {1995},
 issn = {0164-0925},
 pages = {47--62},
 doi = {http://doi.acm.org.ezproxy2.lib.depaul.edu/10.1145/200994.201001},
 publisher = {ACM Press},
 address = {New York, NY, USA},
 }

@article{Harrop-CLP,
 author = {Javier Leach and Susana Nieva and Mario RodrÃ­guez-Artalejo},
 title = {Constraint Logic Programming with Hereditary Harrop formulas},
 journal = {Theory Pract. Log. Program.},
 volume = {1},
 number = {4},
 year = {2001},
 issn = {1471-0684},
 pages = {409--445},
 doi = {http://dx.doi.org.ezproxy2.lib.depaul.edu/10.1017/S1471068401001041},
 publisher = {Cambridge University Press},
 address = {New York, NY, USA},
 }

@inproceedings{HHCLP-Sem,
 author = {Miguel Garcia-Diaz and Susana Nieva},
 title = {Providing declarative semantics for HH extended constraint logic programs},
 booktitle = {PPDP '04: Proceedings of the 6th ACM SIGPLAN international conference on Principles and practice of declarative programming},
 year = {2004},
 isbn = {1-58113-819-9},
 pages = {55--66},
 location = {Verona, Italy},
 doi = {http://doi.acm.org.ezproxy2.lib.depaul.edu/10.1145/1013963.1013973},
 publisher = {ACM Press},
 address = {New York, NY, USA},
 }

@article{HHCLP-CatSem,
 author = {Stacy E. Finkelstein and Peter Freyd and James Lipton},
 title = {A new framework for declarative programming},
 journal = {Theor. Comput. Sci.},
 volume = {300},
 number = {1-3},
 year = {2003},
 issn = {0304-3975},
 pages = {91--160},
 doi = {http://dx.doi.org.ezproxy2.lib.depaul.edu/10.1016/S0304-3975(01)00308-5},
 publisher = {Elsevier Science Publishers Ltd.},
 address = {Essex, UK},
 }

@article{McDowell01,
 author = {R.~McDowell and D.~Miller},
 title = {Reasoning with higher-order abstract syntax in a logical framework},
 journal = {ACM Trans. Comput. Logic},
 volume = {3},
 number = {1},
 year = {2002},
 issn = {1529-3785},
 pages = {80--136},
 doi = {http://doi.acm.org.ezproxy2.lib.depaul.edu/10.1145/504077.504080},
 publisher = {ACM Press},
 address = {New York, NY, USA},
 }


@article{HMX-AccessControl,
 author = {F.~Pottier and C.~Skalka and S.~Smith},
 title = {A systematic approach to static access control},
 journal = {ACM Trans. Program. Lang. Syst.},
 volume = {27},
 number = {2},
 year = {2005},
 issn = {0164-0925},
 pages = {344--382},
 doi = {http://doi.acm.org.ezproxy2.lib.depaul.edu/10.1145/1057387.1057392},
 publisher = {ACM Press},
 address = {New York, NY, USA},
 }

@article{HMX-InfFlow,
 author = {F.~Pottier and V.~Simonet},
 title = {Information flow inference for ML},
 journal = {ACM Trans. Program. Lang. Syst.},
 volume = {25},
 number = {1},
 year = {2003},
 issn = {0164-0925},
 pages = {117--158},
 doi = {http://doi.acm.org.ezproxy2.lib.depaul.edu/10.1145/596980.596983},
 publisher = {ACM Press},
 address = {New York, NY, USA},
 }

@article{HMX-Odersky,
 author = {M.~Odersky and M.~Sulzmann and M.~Wehr},
 title = {Type inference with constrained types},
 journal = {Theor. Pract. Object Syst.},
 volume = {5},
 number = {1},
 year = {1999},
 issn = {1074-3227},
 pages = {35--55},
 doi = {http://dx.doi.org.ezproxy2.lib.depaul.edu/10.1002/(SICI)1096-9942(199901/03)5:1<35::AID-TAPO4>3.0.CO;2-4},
 publisher = {John Wiley \& Sons, Inc.},
 address = {New York, NY, USA},
 }


@inproceedings{maged-podc96,
author = {M.~Michael and M.~Scott},
title = {{S}imple, {F}ast and {P}ractical {N}on-{B}locking and {B}locking {C}oncurrent {Q}ueue {A}lgorithms},
booktitle = {Proceedings  of the 15th ACM Annual Symposium on Principles of Distributed Computing},
year = {1996},
pages = {267--275},
month = {May}
}

@inproceedings{ flatt98classes,
    author = "M.~Flatt and S.~Krishnamurthi and M.~Felleisen",
    title = "Classes and Mixins",
    booktitle = "Conference Record of {POPL} 98: The 25TH {ACM} {SIGPLAN}-{SIGACT} Symposium on Principles of Programming Languages, San Diego, California",
    address = "New York, NY",
    pages = "171--183",
    year = "1998",
    url = "citeseer.ist.psu.edu/flatt98classe.html" }

@inproceedings{ cilk-ws,
    title = {Scheduling Multithreaded Computations by Work Stealing},
    author = {R. Blumofe and C. Leiserson},
    booktitle = {Proceedings of the 35th Annual Symposium on the Foundations of Computer Science},
    year = "1994",
    pages="356--368"
}

@techreport{XtenManual,
   author = {V. Saraswat},
   institution = {IBM Research},
   title = {{R}eport on the {E}xperimental {L}anguage {\Xten{}}, v0.41},
   year = {2005},
   month = {March}
}

@techreport{Cilk,
   institution = {Supercomputing Technologies Group},
    title = {\Cilk{}-5.3 Reference Manual},
    year = {2000},
    month = {June}
}


@misc{eclipse,
  title = "The Eclipse project",
  note = "www.eclipse.org" 
}

@inproceedings{ atomizer,
    title = {Atomizer: A Dynamically Atomicity Checker for Multithreaded Programs},
    author = "Cormac Flanagan and Stephen Freund",
    booktitle = "Conference Record of {POPL} 04: The 31st {ACM} {SIGPLAN}-{SIGACT} Symposium on Principles of Programming Languages, Venice, Italy",
    address = "New York, NY",
    year = "2004"}

@inproceedings{eclipse-refactoring,
 author = {Robert Fuhrer and Frank Tip and Adam Kiezun},
 title = {Advanced refactorings in eclipse},
 booktitle = {OOPSLA '04: Companion to the 19th annual ACM SIGPLAN conference on Object-oriented programming systems, languages, and applications},
 year = {2004},
 isbn = {1-58113-833-4},
 pages = {8--8},
 location = {Vancouver, BC, CANADA},
 doi = {http://doi.acm.org/10.1145/1028664.1028669},
 publisher = {ACM Press},
 address = {New York, NY, USA},
 }
@inproceedings{ harris,
    title = {Language Support for Lightweight Transactions},
    author = {Tim Harris and Keir Fraser},
    booktitle = {OOPSLA},
    pages={388--403},
    year = {2003}
}

@inproceedings{ harris-cmt,
    title = {Composable Memory Transaction},
    author = {Tim Harris and Maurice Herlihy and Simon Marlow and Simon Peyton Jones},
    booktitle = "SIGPLAN Symposium on Principles and Practice of Parallel Programming",
    year = "2005"}

@article{CAF,
  author    = {R.W.~Numrich and
               J.K.~Reid},
  title     = {{C}o-Array {F}ortran for parallel programming},
  journal   = {Fortran Forum},
  volume    = {17},
  number    = {2},
  year      = {1998},
  bibsource = {http://www.co-array.org/caf_def.htm}
}





@techreport{CPPMemModel,
    author = "Andrei Alexandrescu and Hans Boehn and Kevlin Henney and Doug Lea and Bill Pugh",
   institution = "metalanguage.com",
    title = "Memory model for multithreaded C++",
    year = "2004",
    note="JTC1/SC22/WG21 -- C++, Document Number: WG21/N1680=J16/04-0120"
}


@techreport{UPC,
    author = "T.~El-Ghazawi and W.~Carlson and J.~Draper",
   institution = "George Washington University",
    title = "UPC Language Specification V1.1.1",
    year = "2003",
    month="October"
}

@inproceedings{xten,
    author = "P.~Charles and C.~Grothoff and C.~Donawa and K.~Ebcioglu and A.~Kielstra and C.~von Praun and V.~Saraswat and V.~Sarkar",
    title = "X10: An Object-Oriented Approach to Non-Uniform Cluster Computing",
 booktitle = {Proceedings of OOPSLA},
 year = {2005},
 note = {To appear}
 }

@techreport{ fx10,
    author = "Vijay Saraswat and Radha Jagadeesan",
    title = "Foundations of {X10}",
    institution = "IBM Research",
    year = "forthcoming"
}
  
@article{fj,
  author    = {Atsushi Igarashi and
               Benjamin C. Pierce and
               Philip Wadler},
  title     = {Featherweight Java: a minimal core calculus for Java and
               GJ.},
  journal   = {ACM Trans. Program. Lang. Syst.},
  volume    = {23},
  number    = {3},
  year      = {2001},
  pages     = {396-450},
  ee        = {http://doi.acm.org/10.1145/503502.503505},
  bibsource = {DBLP, http://dblp.uni-trier.de}
}


@inproceedings{stm,
  author    = {Maurice Herlihy and Victor Luchangco and M Moir and W Scherer},
  title     = {Software Transactional Memory for Dynamic-sized Data structures},
  booktitle   = {PODC},
  year      = {2003}

}

@techreport{ mj,
    author = "G.M. Bierman, M.J. Parkinson and A.M. Pitts",
    title = "MJ: An imperative core calculus for Java and Java with effects",
    journal = "IBM Systems Journal",
    institution = "University of Cambridge Computer Laboratory",
    number = "563",
    year = "2003",
    url = "www.cl.cam.ac.uk/TechReports/UCAM-CL-TR-563.pdf"
}
@article{titanium,
  author    = {K.~A.~Yelick and
               L.~Semenzato and
               G.~Pike and
               C.~Miyamoto and
               B.~Liblit and
               A.~Krishnamurthy and
               P.~N.~Hilfinger and
               S.~L.~Graham and
               D.~Gay and
               P.~Colella and
               A.~Aiken},
  title     = {Titanium: A High-performance Java Dialect.},
  journal   = {Concurrency - Practice and Experience},
  volume    = {10},
  number    = {11-13},
  year      = {1998},
  pages     = {825-836},
  bibsource = {DBLP, http://dblp.uni-trier.de}
}
@inproceedings{ alpern01efficient,
    author = "Bowen Alpern and Anthony Cocchi and Stephen J. Fink and David Grove and Derek Lieber",
    title = "Efficient Implementation of Java Interfaces: Invokeinterface Considered Harmless",
    booktitle = "Conference on Object-Oriented",
    pages = "108--124",
    year = "2001",
    url = "citeseer.ist.psu.edu/alpern01efficient.html" }

@inproceedings{ xi99dependent,
    author = "Howgwei Xi and Frank Pfenning",
    title = "Dependent Types in Practical Programming",
    booktitle = "Conference Record of {POPL} 99: The 26th {ACM} {SIGPLAN}-{SIGACT} Symposium on Principles of Programming Languages, San Antonio, Texas",
    address = "New York, NY",
    pages = "214--227",
    year = "1999",
    url = "citeseer.ist.psu.edu/xi98dependent.html" }

@article{ boerger-java,
    author = {Egon Boerger and Wolfram Schulte},
    title =  {Initialization Problems for Java},
    journal = {{S}oftware, {C}oncepts and {T}ools},
    volume = "20",
    number = "4",
    year = "1999"
}

@article{ moreira00java,
    author = "Jose E. Moreira and Samuel P. Midkiff and Manish Gupta and Pedro V. Artigas and Marc Snir and Richard D. Lawrence",
    title = "Java programming for high-performance numerical computing",
    journal = "IBM Systems Journal",
    volume = "39",
    number = "1",
    pages = "21-",
    year = "2000",
    url = "citeseer.ist.psu.edu/moreira00java.html" }
@TECHREPORT{multijava,
    TITLE = "MultiJava: Design Rationale, Compiler Implementation and User Experience",
    AUTHOR = "Curtis Clifton and Todd Millstein and Gary T. Leavens and Craig Chambers",
    TYPE = "Technical Report",
    INSTITUTION = "Department of Computer Science, Iowa State University",
    ADDRESS = "Iowa State University, Ames, Iowa 50011-1040",
    YEAR = 2004,
        month="January"
    }

@book{mpi,
 title={{U}sing {MPI}: {P}ortable {P}arallel {P}rogramming with the {M}essage {P}assing {I}interface},
 author={A.~Skjellum and E.~Lusk and W.~Gropp},
 publisher={MIT Press},
 year={1999}
}

@misc{ pgas
,author="William Carlson and Tarek El-Ghazawi and Bob Numrich and Kathy Yelick"
 ,title={{P}rogramming in the {P}artitioned {G}lobal {A}ddress {S}pace {M}odel}
 ,year="2003"
,note="Presentation at SC 2003, http://www.gwu.edu/{~}upc/tutorials.html"
}

@misc{ jsr201
,author="Sun Microsystems"
 ,title={{E}xtending the {J}ava {P}rogramming {L}anguage with {E}enumerations, {A}utoboxing, {E}nhanced for loops and {S}tatic {I}mport}
 ,year="2004"
,note="JSR 201, http://www.jcp.org/en/jsr/detail?id=201"
,institution="Sun Microsystems, Inc."
}

@misc{ gjspec
,author="Gilad Bracha et al"
 ,title={{A}dding {G}enerics to the {J}ava {P}rogramming {L}anguage}
 ,year="2001"
,note="JSR 014, http://www.jcp.org/en/jsr/detail?id=014"
,institution="Sun Microsystems, Inc."
}

@TECHREPORT{XtenLibrary,
    AUTHOR = "Vijay Saraswat et al",
    TITLE = "The {\ccfont X10} {S}tandard {C}lass {L}ibrary",
    TYPE = "Technical Report",
    INSTITUTION = "IBM TJ Watson Research Center",
    ADDRESS = "New York",
    YEAR = 2004,
        NOTE="Forthcoming"
    }


@article{kava,
    author = {David Bacon},
    title = {{Kava}: A {J}ava dialect with a uniform object model for lightweight classes},
    journal = {Concurrency -- Practice and Experience},
    year = {2003},
    volume = {15},
    issue = {3--5},
    pages={185--206}
}

@inproceedings{zpl
,title="The high-level parallel language {ZPL} improves productivity and performance"
,author="Bradford L.{} Chamberlain and Sung-Eun Choi and Steven J. Deitz and Lawrence Snyder"
,booktitle="Proceedings of the IEEE International Workshop on Productivity and Performance in High-End Computing"
,year={2004}
}

@inproceedings{SaraswatPODC88
,title="Detecting stable properties of networks in concurrent logic programming languages"
,author="Vijay Saraswat and Kenneth Kahn and Udi Shapiro and David Weinbaum"
,booktitle="Seventh Annual ACM Symposium on Principles of Distributed Computing"
,year={1988}
,pages={210--222}
}
@article{multilisp,
    author = {R.~Halstead},
    title = {{MULTILISP}: A language for concurrent symbolic computation},
    journal = {{ACM} {T}ransactions on {P}rogramming {L}anguages and {S}ystems},
    year = {1985},
    volume = {7},
    issue = {4},
    pages={501--538}
}

@misc{ concert,
  author = "A. Chien and J. Dolby and B. Ganguly and V. Karamecheti and X. Zhang",
  title = "High Level Parallel Programming: the Illinois Concert System",
  text = "A.A. Chien, J. Dolby, B. Ganguly, V. Karamecheti, and X. Zhang, High Level
    Parallel Programming: the Illinois Concert System, Submitted for publication,
    1998.",
  year = "1998",
  url = "citeseer.ist.psu.edu/chien98high.html" }

@article{fages-query,
    author = {N.~Chabriere-Rivier and M.~Chiaverini and V.~Danos and F.~Fages and V.~Schachter},
    title = {{M}odeling and querying biomolecular interaction networks},
    journal = {Theoretical Computer Science},
    month={may},
    year = {2003}
}

@article{gillespie,
    author = {D.~Gillespie},
    title = {A general method for numerically simulating the stochastic time evolution of coupled chemical reactions},
    journal = {Journal of Computational Physics},
    year = {1976},
    volume = {22},
    pages={403--434}
}

@article{dejong,
    author = {H.~de Jong},
    title = {{M}odeling and {S}imulation of genetic regulatory systems: A literature review},
    journal = {Journal of Computational Biology},
    month={aug},
    year = {2001},
    volume = {9},
    number = {10},
    pages={69--105}
}

@inproceedings{dmc,
  author = {G. Delzanno and A. Podelski}
  ,title = {Model checking in {CLP}}
  ,booktitle = {Proceedings of the 5th International Conference on Tools and Algorithms for Construction and Analysis of Systems, TACAS '99, Volume 579 of LNCS}
   ,year = {1999}
   ,series={LNCS}
  ,volume={579}
  ,pages={223--239}
  ,month={jan}
}
@article{kohn,
    author = {K.~Kohn},
    title = {{M}olecular interaction map of the {M}ammalian {C}ell cycle control and {DNA} repair systems},
    journal = {Molecular Biology of Cell},
    month={aug},
    year = {1999},
    volume = {10},
    number = {8},
    pages={703--2734}
}


@article{formal-biology,
    author = {V.~Danos and C.~Laneve},
    title = {{F}ormal {M}olecular {B}iology},
    journal = {TCS},
    year = {2004},
    note={To appear}
}

@TECHREPORT{lj,
    AUTHOR = "Clifford Tse",
    TITLE = "{L}inear {J}anus: A concurrent programming language",
    TYPE = "Technical Report",
    INSTITUTION = "Xerox PARC",
    ADDRESS = "Palo Alto, CA",
    YEAR = 1992,
        NOTE="MIT AI Lab MS Thesis"
    }

@article{lcc-fages,
    title = {Linear concurrent constraint programming: operational and phase semantics},
    author = {Francois Fages and Paul Ruet and Sylvain Soliman},
    journal = {Journal of Information and Computation},
    volume = {165},
    number = {1},
    pages = {14--41},
    month = {February},
    year = {2001}

}

@techreport{ saraswat92higherorder,
    author = "Vijay Saraswat and Patrick Lincoln",
    title = "{Higher-order Linear Concurrent Constraint Programming}",
    year = "1992",
    institution = "Xerox PARC",
    url = "citeseer.ist.psu.edu/saraswat92higherorder.html" }

@UNPUBLISHED{atomic-sections,
  author =       "{IBM} {PERCS} {P}rogramming {M}odel {T}eam",
  title =        "{U}sing {A}tomic {S}ections",
  year="2004",
  month="January",
  note = {v~0.5}
}

@techreport{lindstrom-jmm
,title={A {G}eneric {O}peratonal {M}emory {M}odel {S}pecification {F}ramework for {M}ultithreaded {P}rogram {V}erification}
 ,author={Y.~Yang and G.~Gopalakrishna and G.~Lindstrom}
 ,institution="School of Computing, U.~of Utah"
 ,year="2004"
}

@inproceedings{ crf-jmm,
  author = {J.-W.~Maessen and Arvind and X.~Shen},
  title = {{I}mproving the {J}ava {M}emory {M}odel {U}sing {CRF}},
  booktitle = {OOPSLA},
    year = {2000}
}

@inproceedings{crf,
    author = {X.~Shen and Arvind and L.~Rudolph},
    title = {Commit-reconcile and fences (CRF): a new memory model for architects and compiler writers},
    booktitle = {Proceedings of the 16th {A}nnual {I}nternational {S}ymposium on {C}omputer {A}rchitecture},
    pages = {150--161},
    year = {1999}
}

@techreport{cmm
 ,title={Concurrent {C}onstraint-based {M}emory {M}achines: A framework for \java{} {M}emory {M}odels}
 ,author={V.~Saraswat}
 ,institution="IBM T.J.Watson Research Center"
 ,month="March"
 ,year="2004"
}

@techreport{ccm-impl
 ,title={{\sc JMMSolve}: a generative reference implementation of {CCM} {M}achines}
 ,author={T.~Schrijvers and B.~Demoen}
 ,institution="Katholieke Universiteit Leuven"
 ,number="Report CW 379"
 ,month="January"
 ,year="2004"
}

@article{mem-cons-advances,
    author = {S.~Adve and V.~S.~Pai and P.Ranganthan},
    title = {{R}ecent {A}dvances in {M}emory {C}onsistency {M}odels for {H}ardware {S}hared-{M}emory {S}ystems},
    journal = {Proceedings of the IEEE},
    volume = {87},
    number = {3},
    pages = {445--455},
    month = {March},
    year = {1999}

}

@article{shasha-snir,
    author = {D.~Shasha and M.~Snir},
    title = {{E}fficient and {C}orrect {E}xecution of {P}arallel {P}rogramsthat {S}hare {M}emory},
    journal = {ACM Transactions on Programming Languages and Systems},
    volume = {10},
    number = {2},
    pages = {282--312},
    month = {April},
    year = {1988}

}

@inproceedings{release-consistency,
    author = {K.~Gharachorloo and D.~Lenoski and J.~Laudon and P.~Gibbons and A.~Gupta and J.~Hennessy},
    title = {{M}emory consistency and {E}vent {O}rdering in {S}calable {S}hared-{M}emory {M}ultiprocessors},
    booktitle = {Proceedings of the 17th {A}nnual {ACM} Symposium on Computer Architecture},
    pages = {15--25},
    month= {June},
    year = {1990}
}


@inproceedings{clp,
    author = "J.~Jaffar and J.-L.~Lassez",
    title = "Constraint {L}ogic {P}rogramming",
    booktitle = "Proceedings of the 14th {A}nnual {ACM} Symposium on Principles of Programming Languages ({POPL}'87), Munich, Germany",
    publisher = "ACM Press, New York (NY), USA",
    pages = "111--119",
    year = "1987"}



@techreport{shared-memory-tutorial
,title={Shared {M}emory {C}onsistency {M}odels: A tutorial}
 ,author={S.~Adve and K.~Gharachorloo}
 ,institution="Digital Western Research Laboratory"
 ,year="1995"
}

@article{ lc,
    author = {G.~Gao and V.~Sarkar},
    title = {{L}ocation {C}onsistency -- {A} {N}ew {M}emory {M}odel and {C}ache {C}onsistency {P}rotocol},
    journal = {IEEE Transactions on Computers},
    volume = {49},
    number = {8},
    pages = {798--813},
    month = {August},
    year = {2000}

}

@techreport{capsl-tm-52
,title={Analyzable Atomic Sections: Integrating Fine-Grained Synchronization and Weak Consistency Models for Scalable Parallelism}
 ,author={V.~Sarkar and G.~R.~Gao}
 ,institution="CAPSL Technical Memo 52"
 ,year="2004"
 ,month="February"
}

@article{ pugh-jmm-broken,
    author = {W.~Pugh},
    title = {The {J}ava {M}emory {M}odel is {F}atally {F}lawed},
    journal = {Concurrency: Practice and Experience},
    volume = {},
    number = {},
    pages = {},
    month = {},
    year = {2004?},
    note = {To appear}

}

@article{ lamport-sc,
    author = {L.~Lamport},
    title = {How to make a multiprocessor computer that correctly executes multiprocess programs},
    journal = {IEEE Transactions on Computers},
    volume = {28},
    number = {9},
    pages = {},
    month = {},
    year = {1979}
}

@techreport{adve
,title={SC-}
 ,author={S.~Adve}
 ,institution=""
 ,year="2004"
 ,note="{\tt http://www.cs.umd.edu/~pugh/java/memoryModel/}"
}

@techreport{coherence
,title={Java consistency: {N}on-operational characterization for the {J}ava {M}emory {B}ehavior}
 ,author={A.~Gontmakher and A.~Schuster}
 ,institution="Department of Computer Science, Technion"
 ,year="1997"
}

@techreport{mp
,title={The {M}anson/{P}ugh Model}
 ,author={J.~Manson and W.~Pugh}
 ,institution="U Maryland"
 ,year="2004"
 ,note="{\tt http://www.cs.umd.edu/~pugh/java/memoryModel/}"
}

@techreport{jmm-causality
,title={{J}ava {M}emory {M}odel {C}ausality {T}est {C}ases}
 ,author={W.~Pugh}
 ,institution="U Maryland"
 ,year="2004"
 ,note="{\tt http://www.cs.umd.edu/~pugh/java/memoryModel/}"
}
@techreport{xpath
,author={James Clark and Steve DeRose}
 ,title={XML {Path} {L}anguage ({XP}ath)}
 ,institution="W3C"
 ,year="1999"
 ,note="{\tt http://www.w3.org/TR/xpath}"
}
@techreport{xsd-0
 ,author={David Fallside}
 ,title={XML {Schema} {P}art 0: {P}rimer}
 ,institution="W3C"
 ,year="2001"
 ,note="{\tt http://www.w3.org/TR/xmlschema-1}"
}
@techreport{xsd
 ,author={Henry Thompson and David Beech and Murray Maloney and Noah Mendelsohn}
 ,title={XML {Schema} {P}art 1: {S}tructures}
 ,institution="W3C"
 ,year="2001"
 ,note="{\tt http://www.w3.org/TR/xmlschema-1}"
}
@techreport{xquery
,author={Scott Boag and Don Chamberlin and Mary Fernandez and Daniela Florescu and Jonathan Robie and Jerome Simeon}
 ,title={{XQ}uery 1.0: {A}n {XML} {Q}uery {L}anguage}
 ,institution="W3C"
 ,year="2003"
 ,note="{\tt http://www.w3.org/TR/xquery}"
}
@techreport{xml
,author={Tim Bray and Jean Paolo and C.M.~Sperberg=McQueen and Eve Maler}
 ,title={{E}xtensible {M}arkup {L}anguage (XML) 1.0 (Second Edition)}
 ,institution="W3C"
 ,year=" 2000"
 ,note="{\tt http://www.w3.org/TR/REC-xml}"
}
@misc{ double-checking
,author="David Bacon and Joshua Bloch and Jeff Bogda and Cliff Click and Paul Haahr and Doug Lea and Tom May and Jan-Willem Maessen and John D.~Mitchell and Bill Pugh and Emin Gun Sirer"
 ,title={The ``{D}ouble-{C}hecked {L}ocking is {B}roken'' {D}eclaration}
 ,year="1999"
,note="http://www.cs.umd.edu/~pugh/java/memoryModel/DoubleCheckedLocking.html"
,institution="University of Maryland"
}
@misc{ jsr-166
,author="Doug Lea"
 ,title={The {C}oncurreny {U}tilities}
 ,year="2001"
,note="JSR 166, http://www.jcp.org/en/jsr/detail?id=166"
,institution="Sun Microsystems, Inc."
}
@misc{ jsr133-proposal
,author="W.~Pugh"
 ,title={{P}roposal for {J}ava {M}emory {M}odel and {T}hread {S}pecification {R}evision}
 ,year="2001"
,note="JSR 133, http://www.jcp.org/en/jsr/detail?id=133"
,institution="Sun Microsystems, Inc."
}

@misc{ jsr133
,author="W.~Pugh"
 ,title={{J}ava {M}emory {M}odel and {T}hread {S}pecification {R}evision}
 ,year="2004"
,note="JSR 133, http://www.jcp.org/en/jsr/detail?id=133"
,institution="Sun Microsystems, Inc."
}

@book{lea-concurrency,
 title={Concurrent Programming in Java, Second Edition: Design Principles and Patterns},
 author={Doug Lea},
 publisher={Addison Wesley Series in Java},
 year={2000}
}

@inproceedings{predicateClasses,
author = {C.~Chambers},
booktitle = {{ECOOP '93 Conference Proceedings}},
title = {{Predicate Classes}},
year = {1993}
}



@techreport{static-cap-support
,author={V.~Saraswat and R.~Jagadeesan}
 ,title={Static Support for Capabilities in \java}
 ,institution="The Pennsylvania State University"
 ,year=" 2003"
 ,month="March"
 ,note="Presented at the Second APPSEM workshop at Nottingham"
}

@inproceedings{regev-pi-calc,
author = {A.~Regev and W.~Silverman and E.~Shapiro},
title = {Representation and simulation of biochemical processes using the $\pi$-calculus process algebra},
booktitle = {{Pacific Symposium on Biocomputing}},
year = {2001},
volume = {6},
pages={459--470}
}


@inproceedings{Tiwari03:HSCC,
    TITLE = "Approximate Reachability for Linear Systems",
    AUTHOR = {Tiwari, A.},
    BOOKTITLE = {Hybrid Systems: Computation and Control HSCC},
    EDITOR = "Maler, O. and Pnuelu, A.",
    PAGES = {??--??},
    PUBLISHER = {Springer},
    SERIES = {LNCS},
    VOLUME = "??",
    MONTH = apr,
    YEAR = 2003
}


@misc{jml-overview,
title = {{An overview of JML tools and applications}},
author = {Lilian Burdy and Yoonsik Cheon and David Cok and Michael Ernst and Joe Kiniry and Gary Leavens and K Rustan and M Leino and Erik Poll},
note = {To appear in Electronic Notes in Theoretical Computer Science}
}

@inproceedings{ cellerator,
    author = {Bruce Shapiro and Eric Molsness},
    title = {Developmental Simulations with Cellerator},
    booktitle = {Proceedings of the Second International Conference on Systems Biology},
    publisher = {Jet Propulsion Laboratory, California Institute of Technology},
   year = {2001}
}

@inproceedings{ progg-tcc,
    author = "Vijay Saraswat and Radha Jagadeesan and Vineet Gupta",
    title = "Programming in Timed Concurrent Constraint Languages",
    booktitle = "Constraint Programming: Proceedings 1993 {NATO {ASI} Parnu, Estonia}",
    publisher = "Springer Verlag",
    address = "Berlin, Germany~/ Heidelberg, Germany~/ London, UK~/ etc.",
    editor = "B. Mayoh and E. Tyugu and J. Penjaam",
    isbn = "3-540-57859-5",
    pages = "361--410",
    year = "1994",
    url = "citeseer.nj.nec.com/article/saraswat94programming.html" }

@techreport{ reflex-esterel
,author={Raphael Bernhard and Gerard Berry and Frederic Boussinot and Georges Gonthier and Annie Ressouche and Jean-Paul Rigault and Jean-Marc Tanzi}
 ,title={{Programming a Reflex Game in Esterel v3}}
 ,institution="INRIA"
 ,year=" 1989"
  ,month="May"
 ,url={ftp://ftp-sop.inria.fr/meije/esterel/examples/game.pdf}
}

@misc{ esc-java,
  author = "C. Flanagan and K. Leino and M. Lillibridge and C. Nelson and J. Saxe and
    R. Stata",
  title = "Extended static checking for {J}ava",
  text = "C. Flanagan, K. R. M. Leino, M. Lillibridge, C. Nelson, J. Saxe, and R.
    Stata. Extended static checking for Java. In Proc. PLDI, 2002.",
  year = "2002",
  url = "citeseer.nj.nec.com/flanagan02extended.html" }

@incollection{ smolka95:oz-programming:inc,
    author={Gert Smolka},
    title={The {O}z Programming Model},
    booktitle={Computer Science Today: Recent Trends and Developments},
    publisher={Springer-Verlag},
    year={1995},
    address={Berlin},
    editor={Jan van Leeuwen},
    pages={324-343},
    isbn={3-540-60105-8},
    series={Lecture Notes in Computer Science},
    volume={1000},
    url={citeseer.nj.nec.com/smolka95oz.html},
    url={ftp://ftp.ps.uni-sb.de/pub/papers/ProgrammingSysLab/volume1000.ps.gz} }

@techreport{ esterel-compiler
,author="Gerard Berry"
 ,title={{The Esterel v5 Language Primer Version 5.21 Release 2.0}}
 ,institution="INRIA"
 ,year=" 1999"
  ,month="April"
 ,url="ftp://ftp-sop.inria.fr/meije/esterel/papers/primer.pdf"
}

@inproceedings{odersky97pizza,
    author = "M. Odersky and P. Wadler",
    title = "Pizza into {Java}: Translating Theory into Practice",
    booktitle = "Proceedings of the 24th {ACM} Symposium on Principles of Programming Languages ({POPL}'97), Paris, France",
    publisher = "ACM Press, New York (NY), USA",
    pages = "146--159",
    year = "1997",
    url = "citeseer.nj.nec.com/odersky97pizza.html" 
}

@misc{LAPI,
	author = "{IBM International Technical Support Organization
		Poughkeepsie Center}",
	title = "{Overview of LAPI}",
	howpublished = "{www.redbooks.ibm.com/redbooks/pdfs/sg242080.pdf}" 
}
