@techreport{titanium,
 author = {Paul N. Hilfinger and Dan Bonachea and David Gay and Susan Graham and Ben Liblit and Geoff Pike and Katherine Yelick},
 title = {Titanium Language Reference Manual},
 year = {2001},
 source = {http://www.ncstrl.org:8900/ncstrl/servlet/search?formname=detail\&id=oai%3Ancstrlh%3Aucb%3AUCB%2F%2FCSD-01-1163},
 publisher = {University of California at Berkeley},
 address = {Berkeley, CA, USA},
 }
@techreport{x10,
 author = {Vijay A. Saraswat},
 title = {{\Xten{}} {L}anguage {R}eport},
 year = {2004},
 source = {http://x10.sf.net}
 }
@misc{ caf,
  author = "R. Numrich and J. Reid",
  title = "Co-Array Fortran for parallel programming",
  text = "Numrich, R. W. and Reid, J. K. (1998). Co-Array Fortran for parallel programming.
    ACM Fortran Forum 17, 2, 1-31.",
  year = "1998",
  url = "citeseer.ist.psu.edu/numrich98coarray.html" }
@inproceedings{CLS90,
 author = {Ron Cytron and Jim Lipkis and Edith Schonberg},
 title = {A Compiler-Assisted Approach to {SPMD} Execution},
 booktitle = {Supercomputing '90: Proceedings of the 1990 ACM/IEEE conference on Supercomputing},
 year = {1990},
 isbn = {O-69791-412-O},
 pages = {398--406},
 location = {New York, New York},
 publisher = {IEEE Computer Society},
 address = {Washington, DC, USA},
 }

@inproceedings{PBS92,
 author = {E. M. Paalvast and L. C. Breebart and H. J. Sips},
 title = {An expressive annotation model for generating SPMD programs},
 booktitle = {Scalable High Performance Computing Conference},
 year = {1992},
 pages = {208--211},
 publisher = {IEEE Computer Society},
 address = {Washington, DC, USA},
 }

@article{Karp87,
        author          = "Karp",
        month           = "May",
        year            = 1987,
        title           = "Programming for Parallelism",
        journal         = {IEEE Computer},
        volume          = {3},
        number          = {1},
        pages           = {43-57}
}

@article{HKT92,
        author          = "Seema Hiranandani and Ken Kennedy and Chau-Wen Tseng",
        title           = "Compiling Fortran D for MIMD Distributed-Memory Machines",
        booktitle       = "Supercomputing",
        month           = {August},
        year            = 1992,
        journal         = {Communications of the ACM},
        volume          = {35},
        number          = {8},
        publisher       = {ACM Press},
        pages           = {66-80}
}



@inproceedings{AL93,
 author = {Saman P. Amarasinghe and Monica S. Lam},
 title = {Communication Optimization and Code Generation for Distributed Memory Machines},
 booktitle = {PLDI '93: Proceedings of the ACM SIGPLAN 1993 conference on Programming language design and implementation},
 year = {1993},
 isbn = {0-89791-598-4},
 pages = {126--138},
 location = {Albuquerque, New Mexico, United States},
 doi = {http://doi.acm.org/10.1145/155090.155102},
 publisher = {ACM},
 address = {New York, NY, USA},
 }
 
 
 @inproceedings{T95,
 author = {Chau-Wen Tseng},
 title = {Compiler optimizations for eliminating barrier synchronization},
 booktitle = {PPOPP '95: Proceedings of the fifth ACM SIGPLAN symposium on Principles and practice of parallel programming},
 year = {1995},
 isbn = {0-89791-701-6},
 pages = {144--155},
 location = {Santa Barbara, California, United States},
 doi = {http://doi.acm.org/10.1145/209936.209952},
 publisher = {ACM},
 address = {New York, NY, USA},
 }

@inproceedings{ECGS92,
 author = {Thorsten von Eicken and David E. Culler and Seth Copen Goldstein and Klaus Erik Schauser},
 title = {Active messages: a mechanism for integrated communication and computation},
 booktitle = {ISCA '92: Proceedings of the 19th annual international symposium on Computer architecture},
 year = {1992},
 isbn = {0-89791-509-7},
 pages = {256--266},
 location = {Queensland, Australia},
 doi = {http://doi.acm.org/10.1145/139669.140382},
 publisher = {ACM},
 address = {New York, NY, USA},
 }

@article{PGS90,
 author = {Edwin M. Paalvast and Arjan J. van Gemund and Henk J. Sips},
 title = {A method for parallel program generation with an application to the Booster language},
 journal = {SIGARCH Comput. Archit. News},
 volume = {18},
 number = {3b},
 year = {1990},
 issn = {0163-5964},
 pages = {457--469},
 doi = {http://doi.acm.org/10.1145/255129.255189},
 publisher = {ACM},
 address = {New York, NY, USA},
 }




@inproceedings{JE95,
 author = {Tor E. Jeremiassen and Susan J. Eggers},
 title = {Reducing false sharing on shared memory multiprocessors through compile time data transformations},
 booktitle = {PPOPP '95: Proceedings of the fifth ACM SIGPLAN symposium on Principles and practice of parallel programming},
 year = {1995},
 isbn = {0-89791-701-6},
 pages = {179--188},
 location = {Santa Barbara, California, United States},
 doi = {http://doi.acm.org/10.1145/209936.209955},
 publisher = {ACM},
 address = {New York, NY, USA},
 }

@article{concur05,
 author = {Vijay Saraswat and Radha Jagadeesan},
 title = {Concurrent clustered programming},
 book = {CONCUR 2005 - Concurrency Theory},
 year = {2005},
 isbn = {3-540-28309-9},
 pages = {353--367},
 doi = {http://dx.doi.org/10.1007/11539452_28},
 publisher = {Springer-Verlag},
 address = {London, UK},
 }
@inproceedings{CGSDKEPS05,
 author = {Philippe Charles and Christian Grothoff and Vijay Saraswat and Christopher Donawa and Allan Kielstra and Kemal Ebcioglu and Christoph von Praun and Vivek Sarkar},
 title = {X10: an object-oriented approach to non-uniform cluster computing},
 booktitle = {OOPSLA '05: Proceedings of the 20th annual ACM SIGPLAN conference on Object oriented programming, systems, languages, and applications},
 year = {2005},
 isbn = {1-59593-031-0},
 pages = {519--538},
 location = {San Diego, CA, USA},
 doi = {http://doi.acm.org/10.1145/1094811.1094852},
 publisher = {ACM},
 address = {New York, NY, USA},
 }




@inproceedings{BCAZFCA06,
 author = {Christopher Barton and C\'{C}lin Cas\c{c}aval and George Alm\'{a}si and Yili Zheng and Montse Farreras and Siddhartha Chatterje and Jos\'{e} Nelson Amaral},
 title = {Shared memory programming for large scale machines},
 booktitle = {PLDI '06: Proceedings of the 2006 ACM SIGPLAN conference on Programming language design and implementation},
 year = {2006},
 isbn = {1-59593-320-4},
 pages = {108--117},
 location = {Ottawa, Ontario, Canada},
 doi = {http://doi.acm.org/10.1145/1133981.1133995},
 publisher = {ACM},
 address = {New York, NY, USA},
 }


@inproceedings{WHJKW95,
 author = {Deborah A. Wallach and Wilson C. Hsieh and Kirk L. Johnson and M. Frans Kaashoek and William E. Weihl},
 title = {Optimistic active messages: a mechanism for scheduling communication with computation},
 booktitle = {PPOPP '95: Proceedings of the fifth ACM SIGPLAN symposium on Principles and practice of parallel programming},
 year = {1995},
 isbn = {0-89791-701-6},
 pages = {217--226},
 location = {Santa Barbara, California, United States},
 doi = {http://doi.acm.org/10.1145/209936.209959},
 publisher = {ACM},
 address = {New York, NY, USA},
 }

@inproceedings{CH92,
 author = {Jyh-Herng Chow and William Ludwell Harrison, III},
 title = {Compile-time analysis of parallel programs that share memory},
 booktitle = {POPL '92: Proceedings of the 19th ACM SIGPLAN-SIGACT symposium on Principles of programming languages},
 year = {1992},
 isbn = {0-89791-453-8},
 pages = {130--141},
 location = {Albuquerque, New Mexico, United States},
 doi = {http://doi.acm.org/10.1145/143165.143194},
 publisher = {ACM},
 address = {New York, NY, USA},
 }
 
 @inproceedings{F99,
 author = {Matteo Frigo},
 title = {A Fast Fourier Transform Compiler},
 booktitle = {PLDI '99: Proceedings of the ACM SIGPLAN 1999 conference on Programming language design and implementation},
 year = {1999},
 isbn = {1-58113-094-5},
 pages = {169--180},
 location = {Atlanta, Georgia, United States},
 doi = {http://doi.acm.org/10.1145/301618.301661},
 publisher = {ACM},
 address = {New York, NY, USA},
 }
 
 @inproceedings{MKH90,
 author = {Eric Mohr and David A. Kranz and Robert H. Halstead, Jr.},
 title = {Lazy task creation: a technique for increasing the granularity of parallel programs},
 booktitle = {LFP '90: Proceedings of the 1990 ACM conference on LISP and functional programming},
 year = {1990},
 isbn = {0-89791-368-X},
 pages = {185--197},
 location = {Nice, France},
 doi = {http://doi.acm.org/10.1145/91556.91631},
 publisher = {ACM},
 address = {New York, NY, USA},
 }

@inproceedings{KMR90,
 author = {C. Koelbel and P. Mehrotra and J. Van Rosendale},
 title = {Supporting shared data structures on distributed memory architectures},
 booktitle = {PPOPP '90: Proceedings of the second ACM SIGPLAN symposium on Principles \& practice of parallel programming},
 year = {1990},
 isbn = {0-89791-350-7},
 pages = {177--186},
 location = {Seattle, Washington, United States},
 doi = {http://doi.acm.org/10.1145/99163.99183},
 publisher = {ACM},
 address = {New York, NY, USA},
 }

@inproceedings{SD95,
 author = {Ellen Spertus and William J. Dally},
 title = {Evaluating the locality benefits of active messages},
 booktitle = {PPOPP '95: Proceedings of the fifth ACM SIGPLAN symposium on Principles and practice of parallel programming},
 year = {1995},
 isbn = {0-89791-701-6},
 pages = {189--198},
 location = {Santa Barbara, California, United States},
 doi = {http://doi.acm.org/10.1145/209936.209956},
 publisher = {ACM},
 address = {New York, NY, USA},
 }
 
 @inproceedings{KY95,
 author = {Arvind Krishnamurthy and Katherine Yelick},
 title = {Optimizing parallel programs with explicit synchronization},
 booktitle = {PLDI '95: Proceedings of the ACM SIGPLAN 1995 conference on Programming language design and implementation},
 year = {1995},
 isbn = {0-89791-697-2},
 pages = {196--204},
 location = {La Jolla, California, United States},
 doi = {http://doi.acm.org/10.1145/207110.207142},
 publisher = {ACM},
 address = {New York, NY, USA},
 }
 
 
 @inproceedings{CL95,
 author = {Micha\l Cierniak and Wei Li},
 title = {Unifying data and control transformations for distributed shared-memory machines},
 booktitle = {PLDI '95: Proceedings of the ACM SIGPLAN 1995 conference on Programming language design and implementation},
 year = {1995},
 isbn = {0-89791-697-2},
 pages = {205--217},
 location = {La Jolla, California, United States},
 doi = {http://doi.acm.org/10.1145/207110.207145},
 publisher = {ACM},
 address = {New York, NY, USA},
 }
 
 
 @inproceedings{BJKLRZ95,
 author = {Robert D. Blumofe and Christopher F. Joerg and Bradley C. Kuszmaul and Charles E. Leiserson and Keith H. Randall and Yuli Zhou},
 title = {Cilk: an efficient multithreaded runtime system},
 booktitle = {PPOPP '95: Proceedings of the fifth ACM SIGPLAN symposium on Principles and practice of parallel programming},
 year = {1995},
 isbn = {0-89791-701-6},
 pages = {207--216},
 location = {Santa Barbara, California, United States},
 doi = {http://doi.acm.org/10.1145/209936.209958},
 publisher = {ACM},
 address = {New York, NY, USA},
 }
 
 @inproceedings{FLR98,
 author = {Matteo Frigo and Charles E. Leiserson and Keith H. Randall},
 title = {The implementation of the Cilk-5 multithreaded language},
 booktitle = {PLDI '98: Proceedings of the ACM SIGPLAN 1998 conference on Programming language design and implementation},
 year = {1998},
 isbn = {0-89791-987-4},
 pages = {212--223},
 location = {Montreal, Quebec, Canada},
 doi = {http://doi.acm.org/10.1145/277650.277725},
 publisher = {ACM},
 address = {New York, NY, USA},
 }
 
 @inproceedings{WC93,
 author = {David B. Wagner and Bradley G. Calder},
 title = {Leapfrogging: a portable technique for implementing efficient futures},
 booktitle = {PPOPP '93: Proceedings of the fourth ACM SIGPLAN symposium on Principles and practice of parallel programming},
 year = {1993},
 isbn = {0-89791-589-5},
 pages = {208--217},
 location = {San Diego, California, United States},
 doi = {http://doi.acm.org/10.1145/155332.155354},
 publisher = {ACM},
 address = {New York, NY, USA},
 }
 

@inproceedings{DS05,
 author = {Alain Darte and Robert Schreiber},
 title = {A linear-time algorithm for optimal barrier placement},
 booktitle = {PPoPP '05: Proceedings of the tenth ACM SIGPLAN symposium on Principles and practice of parallel programming},
 year = {2005},
 isbn = {1-59593-080-9},
 pages = {26--35},
 location = {Chicago, IL, USA},
 doi = {http://doi.acm.org/10.1145/1065944.1065949},
 publisher = {ACM},
 address = {New York, NY, USA},
 }
 
 @inproceedings{CDMCEMYC05,
 author = {Cristian Coarfa and Yuri Dotsenko and John Mellor-Crummey and Fran\c{c}ois Cantonnet and Tarek El-Ghazawi and Ashrujit Mohanti and Yiyi Yao and Daniel Chavarr\'{\i}a-Miranda},
 title = {An evaluation of Global Address Space Languages: Co-Array Fortran and Unified Parallel C},
 booktitle = {PPoPP '05: Proceedings of the tenth ACM SIGPLAN symposium on Principles and practice of parallel programming},
 year = {2005},
 isbn = {1-59593-080-9},
 pages = {36--47},
 location = {Chicago, IL, USA},
 doi = {http://doi.acm.org/10.1145/1065944.1065950},
 publisher = {ACM},
 address = {New York, NY, USA},
 }
 
@article{HPF,
	author = {Charles Koelbel},
	title = {An overview of High Performance Fortran},
	journal = {SIGPLAN Fortran Forum},
	volume = {11},
	number = {4},
	year = {1992},
	issn = {1061-7264},
	pages = {9--16},
	publisher = {ACM},
	address = {New York, NY, USA},
}

@TechReport{UPC,
	author = {{UPC} Consortium},
	title = {{UPC} Language Specifications, v1.2},
	institution = {Lawrence Berkeley National Laboratory},
	year = 2005,
	number = {LBNL-59208},
}


@manual{MPI,
        organization = "{Message Passing Interface Forum}",
        title = "{{MPI}: A Message-Passing Interface Standard}",
        month = "Mar",
        year  = "1994"
}

@misc{LAPI,
        author = "{IBM International Technical Support Organization Poughkeepsie Center}",
        title = "{Overview of {LAPI}}",
        howpublished ="{www.redbooks.ibm.com/redbooks/pdfs/sg242080.pdf}"
}

@TechReport{Darema-RogersNortonPfister85,
        author = {F. Darema-Rogers and V.A. Norton and G.F. Pfister},
        title  = {Using A Single-Program-Multiple-Data Computational Model for Parallel Execution of Scientific Applications},
        institution = {IBM T. J. Watson Research Center, Yorktown Heights, NY},
        number = {RC 11552},
        year = 1985
}


@TechReport{DGNP85a,
        author = {F. Darema-Rogers and D. A. George and V.A. Norton and G.F. Pfister},
        title  = {Environment and System Interface for VM/EPEX},
        institution = {IBM T. J. Watson Research Center, Yorktown Heights, NY},
        number = {RC 11381},
        year = 1985
}


@TechReport{DGNP85b,
        author = {F. Darema-Rogers and D. A. George and V.A. Norton and G.F. Pfister},
        title  = {A VM Parallel Environment},
        institution = {IBM T. J. Watson Research Center, Yorktown Heights, NY},
        number = {RC 11225},
        year = 1985
}


@article{DGNP88,
 author = {F. Darema-Rogers and D. A. George and V.A. Norton and G.F. Pfister},
 title = {A Single-Program-Multiple-Data Computational Model for EPEX/FORTRAN},
 journal = {Parallel Computing},
 volume = {7},
 year = {1988},
 pages = {11-24},
 publisher = {North Holland},
 }





